2867 4525
421 250 543 310 106
1288 289 1300 300 .
1311 247 1690 302 Aornfflor

870 552 1281 636 ΙΠΠῙΑΣ
1320 573 1380 626 Η
1420 550 2112 636 BAAANEION·
2595 569 2657 618 66

353 741 388 795 1
596 732 653 792 1.
717 726 869 791 Τῶν
933 726 1167 811 σοφῶν
1220 721 1508 802 ἐκείνους
1571 723 1871 807 μάλιστα
1935 722 2139 809 ἔγωγέ
2195 746 2370 811 φημι
2439 724 2582 792 δεῖν
2701 813 2706 816 .

425 827 760 906 ἐπαινεῖν,
814 821 1069 893 ὁπόσοι
1120 822 1211 910 μὴ
1278 823 1514 911 λόγους
1575 825 1783 911 μόνον
1847 824 2106 903 δεξιοὺς
2164 829 2581 915 παρέσχοντο

420 926 593 1014 ὑπὲρ
643 931 776 994 τῶν
818 925 1233 1014 πραγμάτων
1277 924 1603 1009 ἑκάστων,
1664 921 1835 994 ἀλλὰ
1890 928 2003 993 καὶ
2056 926 2275 1013 ἔργοις
2317 923 2583 1012 ὁμοίοις

419 1028 544 1109 τὰς
599 1033 731 1096 τῶν
792 1029 1005 1116 λόγων
1058 1023 1457 1111 ὑποσχέσεις
1513 1027 1999 1096 ἐπιστώσαντο.
2093 1032 2209 1098 καὶ
2263 1028 2390 1116 γὰρ
2444 1033 2584 1097 τῶν

424 1131 669 1218 ἰατρῶν
714 1123 755 1198 3
809 1155 884 1218 γε
938 1132 1092 1197 νοῦν
1150 1129 1315 1213 ’έχων
1358 1123 1437 1197 οὗ
1479 1129 1638 1208 τοὺς
1682 1125 1925 1219 ἄριστα
1979 1125 2154 1217 ὑπὲρ
2195 1134 2314 1217 τῆς
2354 1135 2585 1220 τέχνης

425 1232 643 1301 εἰπεῖν
700 1233 1104 1317 δυναμένους
1144 1233 1652 1316 μεταστελεῖται
1693 1235 1943 1314 νοσῶν,
1992 1224 2163 1298 άλλὰ
2203 1232 2364 1311 τοὺς
2404 1237 2585 1317 πρᾶ-

426 1334 538 1413 ξαί
577 1361 646 1402 τι
682 1330 829 1401 κατ’
879 1327 1085 1419 αἰτὴν
1114 1333 1662 1422 μεμελετηκότας.
1739 1329 2030 1421 ἀμείνων
2075 1334 2149 1400 δὲ
2189 1337 2301 1402 καὶ
2344 1360 2586 1420 μουσι-

423 1430 557 1520 κός,
603 1432 814 1521 οἶμαι,
859 1439 979 1505 τοῦ
1024 1437 1383 1521 διακρίνειν
1426 1436 1733 1524 ῥυθμοὺς
1772 1439 1887 1505 καὶ
1933 1432 2258 1523 ἁρμονίας
2301 1436 2587 1505 ἐπιπα-

424 1542 626 1624 μένου
670 1534 707 1606 ὖ
746 1540 860 1606 καὶ
890 1538 1116 1624 ψᾶλαι
1143 1540 1256 1605 καὶ
1284 1543 1646 1625 κιθαρίσαι
1675 1532 1878 1618 αὐτὸς
1908 1536 2290 1622 δυνάμενος.
2364 1545 2434 1606 τί
2459 1538 2589 1626 γὰρ

428 1636 507 1708 ἅν
540 1675 545 1680 ·
575 1663 686 1709 σοι
735 1644 871 1708 τῶν
937 1644 1321 1730 στρατηγῶν
1390 1641 1652 1727 λέγοιμι
1713 1640 1872 1718 τοὺς
1936 1639 2208 1719 εἰκότως
2275 1635 2591 1727 ἀρίστους

425 1747 802 1826 κριθέντας,
847 1734 954 1810 ὅτι
1001 1737 1078 1811 οὗ
1121 1742 1388 1810 τάττειν
1415 1743 1622 1828 μόνον
1657 1745 1770 1810 καὶ
1813 1756 2171 1829 παραινεῖν
2212 1728 2385 1831 ἦσαν
2430 1737 2590 1831 άγα-

428 1848 585 1926 θοί,
644 1838 815 1911 ἀλλὰ
865 1848 980 1913 καὶ
1022 1847 1506 1932 προμάχεσθαι
1560 1847 1693 1911 τῶν
1751 1839 1970 1911 ἄλλων
2013 1848 2126 1913 καὶ
2163 1843 2388 1931 χειρὸς
2433 1844 2593 1933 ἔργα

431 1944 976 2031 ἐπιδείκνυσθαις
1012 1947 1158 2015 οἷον
1183 1950 1319 2014 τῶν
1346 1944 1567 2012 πάλαι
1594 1948 1718 2030 μὲν
1740 1943 2198 2033 Ἀγαμέμνονα
2225 1949 2338 2014 καὶ
2359 1940 2587 2030 Ἀχιλ-
2608 1963 2669 2013 67

432 2049 580 2130 λέα,
647 2051 782 2115 τῶν
834 2047 1015 2116 κάτω
1082 2048 1156 2114 δὲ
1218 2045 1337 2115 τὸν
1382 2043 1825 2132 Ἀλέξανδρον
1889 2052 2005 2118 καὶ
2061 2050 2333 2136 Πύρρον
2396 2049 2594 2134 ἰ’σμεν

361 2166 400 2223 2
433 2150 802 2237 γεγονότας.
877 2154 939 2216 2.
968 2148 1145 2233 πρὸς
1175 2148 1256 2237 δὴ
1296 2155 1368 2217 τί
1409 2142 1596 2217 ταῦτ’
1647 2147 1849 2238 ἕφηνς
1892 2144 1969 2218 οὗ
2000 2150 2124 2239 γὰρ
2158 2146 2377 2228 ἄλλως
2408 2151 2594 2218 ἱστο-

433 2259 586 2337 ρίαν
630 2251 1149 2322 ἐπιδείκνυσθαι
1188 2251 1594 2337 βουλόμενος
1647 2252 2085 2345 ἐπεμνήσθην
2131 2247 2375 2337 αῦτῶν,
2438 2246 2588 2321 ἄλλ’

433 2349 539 2423 ὅτι
582 2357 696 2423 καὶ
737 2358 872 2422 τῶν
914 2356 1287 2442 μηχανικῶν
1333 2353 1622 2434 ἐκείνους
1665 2350 1855 2435 ἄξιον
1900 2352 2295 2442 θαυμάζειν,
2341 2352 2597 2424 ὁπόσοι

434 2453 502 2524 ἐν
543 2459 630 2545 τῇ
673 2460 940 2544 θεωρίᾳ
971 2457 1272 2543 λαμπροὶ
1301 2450 1647 2543 γενόμενοι
1673 2461 1785 2525 καὶ
1817 2460 2208 2548 μνημόσυνα
2252 2450 2436 2543 ὅμως
2475 2461 2597 2547 τῆς

429 2561 658 2647 τέχνης
697 2560 810 2625 καὶ
841 2553 1202 2645 πράγματα
1246 2572 1393 2636 τοῖς
1420 2552 1566 2644 μετ’
1622 2554 1863 2639 αὖτοὺς
1895 2563 2283 2628 κατέλιπον·
2332 2559 2482 2628 ἐπεὶ
2531 2560 2605 2627 οἵ

430 2684 504 2746 γε
530 2673 674 2738 τοῖς
706 2659 930 2747 λόγοις
956 2655 1195 2745 μόνοις
1226 2658 1825 2749 ἐγγεγυμνασμένοι
1856 2665 2181 2751 σοφισταὶ
2212 2651 2295 2729 ὃν
2326 2661 2602 2741 εἰκότως

431 2763 684 2847 μᾶλλον
725 2752 770 2850 ἢ
816 2765 1022 2851 σοφοὶ
1079 2766 1410 2832 καλοῖντο.
1501 2768 1809 2833 τοιοῦτον
1856 2758 2178 2850 άκούομεν
2222 2762 2341 2832 τὸν
2377 2761 2605 2850 Ἀρχι-

429 2864 643 2955 μήδην
705 2868 1027 2951 γενέσθαι
1091 2868 1203 2933 καὶ
1269 2864 1387 2932 τὸν
1457 2865 1738 2933 Κνίδιον
1793 2861 2226 2953 Σώστρατον,
2292 2866 2411 2934 τὸν
2475 2866 2600 2951 μὲν

430 2973 838 3056 Πτολεμαίῳ
898 2966 1394 3052 χειρωσάμενον
1451 2965 1570 3052 τὴν
1627 2972 1919 3057 Μέμφιν
1986 2965 2143 3037 ἄνευ
2202 2970 2602 3055 πολιορκίας

433 3062 843 3158 άποστροφῇ
896 3071 1009 3135 καὶ
1056 3068 1385 3154 διαιρέσει
1438 3072 1561 3136 τοῦ
1616 3075 1964 3156 ποταμοῦ,
2020 3070 2140 3140 τὸν
2184 3071 2258 3138 δὲ
2300 3068 2424 3147 τὰς
2464 3073 2602 3136 τῶν

436 3171 781 3254 πολεμίων
823 3169 1118 3256 τριήρεις
1144 3169 1655 3258 καταφλέξαντα
1691 3175 1778 3262 τῇ
1817 3174 2030 3261 τέχνῃ.
2104 3175 2214 3240 καὶ
2251 3173 2479 3260 Θαλῆς
2525 3172 2684 3243 δὲ68

419 3270 475 3342 o‘
541 3271 887 3363 Μιλήσιος
958 3269 1091 3359 πρὸ
1167 3264 1386 3340 αῦτῶν
1450 3268 1909 3359 ὑποσχόμενος
1974 3281 2249 3362 Κροίσῳ
2317 3269 2607 3361 ἄβροχον

439 3374 861 3461 διαβιβάσειν
890 3372 1009 3442 τὸν
1041 3373 1327 3460 στρατὸν
1358 3375 1634 3465 ἐπινοίᾳ
1675 3376 1964 3445 κατόπιν
1993 3380 2114 3444 τοῦ
2144 3376 2608 3459 στρατοπέδου

427 3482 552 3568 μιᾷ
595 3479 776 3545 νυκτὶ
820 3475 938 3544 τὸν
953 3468 1166 3543 Ἅλυν
1197 3477 1618 3568 περιήγαγεν,
1667 3473 1744 3545 οὗ
1776 3476 2134 3568 μηχανικός
2180 3471 2375 3555 οὗτος
2416 3477 2608 3564 γενό-

426 3606 656 3666 μενος,
711 3577 928 3669 σοφὸς
974 3578 1047 3646 δὲ
1091 3580 1202 3646 καὶ
1250 3577 1611 3668 ἐπινοῆσαι
1652 3582 1767 3647 καὶ
1816 3592 2113 3649 συνεῖναι
2160 3579 2606 3664 ἰταμώτατος.

425 3682 503 3752 τὸ
563 3684 683 3768 μὲν
733 3680 860 3770 γὰρ
919 3683 1038 3747 τοῦ
1074 3676 1341 3748 Ἐπειοῦ
1385 3685 1499 3748 καὶ
1554 3681 1736 3748 πάνυ
1782 3674 2089 3769 άρχαῖον,
2153 3679 2234 3759 ὃς
2278 3674 2354 3748 οὗ
2398 3681 2609 3766 μόνον

426 3784 885 3873 τεχνήσασθαι
928 3796 1071 3861 τοῖς
1103 3775 1401 3867 Ἀχαιοῖς
1444 3783 1566 3852 τὸν
1608 3783 1851 3860 ἵππον,
1899 3777 2074 3850 ἀλλὰ
2118 3785 2236 3850 καὶ
2282 3805 2612 3869 συγκατα-

362 3905 401 3961 3
433 3889 634 3971 βῆναι
691 3878 917 3962 αὐτοῖς
969 3885 1069 3961 εἰς
1141 3879 1344 3953 αὐτὸν
1401 3886 1681 3971 λέγεται.
1788 3891 1846 3953 3.
1904 3884 1973 3952 ἐν
2029 3883 2109 3973 δὴ
2170 3883 2439 3963 τούτοις
2494 3887 2609 3953 καὶ

420 3982 688 4054 Ἱππίου
731 3988 1000 4053 τουτουὶ
1042 3988 1163 4052 τοῦ
1207 3979 1369 4052 καθ’
1419 3982 1601 4074 ἡμᾶς
1640 3990 2034 4074 μεμνῆσθαι
2086 3980 2311 4070 ἄξιον,
2365 3980 2614 4075 άνδρὸς
