2867 4525
1091 313 1244 369 ΠΕΡΙ
1277 315 1406 369 ΤΟΥ
1441 315 1657 369 ΟΙΚΟΥ.
2341 318 2462 377 155

297 484 542 553 πάλιν·
615 476 1017 571 ”Ηφαιστος
1064 479 1269 572 αὐτὴν
1314 485 1541 553 διώκει
1586 484 1782 572 ἐρῶν,
1840 482 1881 576 ἢ
1929 487 2003 555 δὲ
2040 487 2299 614 φεύγει,
2344 481 2467 555 κᾶκ

295 590 418 676 τῆς
461 585 750 665 διώξεως
784 579 1199 674 Ἐριχθόνιος
1241 594 1554 674 γίγνεται.
1635 592 1737 656 28
1783 583 1990 678 ταύτῃ
2039 589 2277 658 έπεται
2320 615 2457 658 πα-
2491 595 2568 652 28

298 687 461 757 λαιά
516 712 621 766 τις
679 682 846 776 αλλη
903 687 1164 776 γραφή·
1230 681 1473 775 Ὠρίων
1516 695 1709 778 φέρει
1753 690 1871 759 τὸν
1916 692 2323 781 Κηδαλίωνα
2349 719 2464 759 τυ-

296 789 472 880 φλός
515 816 629 872 ων,
676 787 711 857 ὅ
761 788 826 856 δ’
878 783 1062 877 αὐτῷ
1106 796 1421 879 σημαίνει
1463 790 1585 881 τὴν
1614 793 1790 879 πρὸς
1814 792 1893 860 τὸ
1930 797 2078 882 φῶς
2106 789 2267 863 ὅδόν
2298 794 2463 862 ἐπο-

290 893 631 978 χούμενος.
717 897 822 960 29.
868 895 979 961 καὶ
1038 890 1073 959 ὅ
1111 885 1350 973 ‘maog
1409 897 1649 983 φανεὶς
1706 895 1894 963 ἰᾶται
1947 895 2069 983 τὴν
2126 896 2454 985 πήρωσιν,
2490 899 2566 956 29

290 999 405 1063 καὶ
435 986 870 1082 ὅςἨφαιστος
897 995 1275 1085 Λημνόθεν
1305 994 1671 1064 ἐπισκοπεῖ
1694 995 1770 1064 τὸ
1805 996 2015 1085 ἔργον.
2078 1005 2176 1068 30.
2217 995 2455 1068 Ὀδυσ-
2490 1011 2567 1068 3⁰

290 1097 445 1177 σεύς
489 1095 564 1163 τὸ
613 1096 782 1181 μετὰ
811 1100 1011 1164 τοῦτο
1043 1097 1254 1185 δῆθεν
1281 1099 1613 1188 μεμηνώς,
1662 1092 1783 1167 ὅτε
1812 1100 2286 1185 συστρατεύειν
2317 1115 2463 1180 τοῖς

282 1194 687 1288 Ἀτρείδαις
714 1199 804 1286 μὴ
838 1201 1095 1267 θέλων·
1163 1201 1448 1287 πάρεισι
1478 1201 1551 1269 δὲ
1584 1203 1651 1269 οἱ
1679 1207 1999 1289 πρέσβεις
2026 1199 2151 1292 ἤδη
2181 1206 2459 1272 καλοῦν-

289 1326 419 1382 τες.
483 1304 595 1370 καὶ
640 1302 725 1368 τὰ
769 1302 892 1387 μὲν
934 1305 1059 1389 τῆς
1095 1297 1514 1391 ὖποκρίσεως
1543 1304 1816 1372 πιθανὰ
1846 1305 2093 1388 πάντα,
2138 1302 2179 1395 ἦ
2214 1302 2455 1396 ἀπήνη,

290 1404 367 1473 τὸ
434 1412 575 1472 τῶν
635 1402 1137 1491 ὑπεζευγμένων
1205 1400 1649 1494 ἀσύμφωνον,
1720 1402 1958 1493 ἄγνοια
2014 1412 2148 1475 τῶν
2206 1410 2459 1494 δρωμέ·

291 1523 454 1574 νων·
543 1505 875 1592 ἐλέγχεται
933 1506 1006 1573 δὲ
1059 1499 1243 1592 ὅμως
1284 1511 1383 1594 τῷ
1423 1512 1699 1595 βρέφει·
1787 1510 2206 1598 Παλαμήδης
2246 1509 2374 1596 γὰρ
2420 1508 2455 1578 ὃ

289 1612 411 1676 τοῦ
467 1610 828 1676 Ναυπλίου
889 1610 1112 1687 συνεὶς
1159 1608 1236 1677 τὸ
1296 1609 1714 1696 γιγνόμενον,
1774 1607 2091 1696 ἁρπάσας
2141 1609 2261 1678 τὸν
2325 1620 2458 1700 Τη-

290 1712 579 1796 λέμαχον
637 1707 907 1778 ἀπειλεῖ
950 1710 1260 1800 φονεύειν
1304 1709 1677 1798 πρόκωπον
1723 1711 1888 1795 ἔχων
1930 1711 2008 1781 τὸ
2057 1712 2286 1802 ξίφος.
2344 1717 2458 1781 καὶ

287 1811 467 1899 πρὸς
509 1812 634 1900 τὴν
674 1817 794 1903 τῆς
837 1820 1083 1898 μανίας
1126 1809 1487 1899 ὑπόκρισιν
1530 1810 1732 1901 ὀργὴν
1774 1816 1885 1882 καὶ
1920 1808 2115 1894 οὗτος
2146 1809 2457 1884 ἆνθυπο-

284 1921 602 2003 κρίνεται.
700 1913 736 1983 0‘
799 1916 872 1983 δὲ
922 1913 1279 1992 Ὀδυσσεὺς
1344 1912 1520 2002 πρὸς
1584 1914 1702 1984 τὸν
1758 1911 1975 2007 φόβον
2028 1922 2266 1986 τοῦτον
2325 1940 2458 1986 σω-

287 2031 531 2107 φρονεῖ
605 2020 716 2085 καὶ
790 2017 1021 2107 πατὴρ
1098 2023 1395 2104 γίγνεται
1472 2019 1586 2085 καὶ
1665 2020 1807 2088 λύει
1884 2019 2005 2110 τὴν
2076 2016 2455 2106 υπόκρισιν.

169 2136 265 2187 207
292 2126 394 2189 31
438 2116 690 2210 ὖστάτη
737 2121 810 2187 δὲ
852 2117 892 2211 ἦ
926 2120 1204 2210 Μήδεια
1245 2124 1619 2207 γέγραπται
1660 2125 1760 2208 τῷ
1804 2121 1977 2211 ζήλῳ
2012 2118 2448 2208 διακαής,τώ
2484 2138 2557 2195 31
2673 2149 2694 2223 ¹

286 2223 497 2291 παῖδε
552 2218 1039 2308 ὑποβλέπουσα
1094 2227 1210 2290 καί
1257 2247 1329 2291 τι
1385 2222 1606 2291 δεινὸν
1659 2221 2007 2292 ἐννοοῦσα·
2108 2224 2244 2309 ε’χει
2296 2228 2453 2312 γοῦν

282 2322 409 2415 ἤδη
456 2324 533 2393 τὸ
582 2325 940 2416 ξίφος,τώ
989 2319 1054 2392 δ’
1110 2319 1337 2392 ἇθλίω
1379 2327 1744 2416 καθῆσθον
1772 2328 2055 2413 γελῶντε
2082 2327 2290 2416 μηδὲν
2318 2331 2452 2396 τῶν

280 2427 662 2513 μελλόντων
719 2427 963 2509 εἰδότε,
1030 2430 1147 2494 καὶ
1201 2431 1415 2493 ταῦτα
1474 2422 1724 2513 ὃρῶντε
1774 2428 1850 2496 τὸ
1915 2429 2111 2518 ξίφος
2171 2429 2239 2497 ἐν
2299 2443 2449 2498 ταῖν

275 2543 521 2617 χεροῖν.
611 2536 709 2601 32.
755 2534 968 2598 ταῦτα
1012 2529 1255 2613 πάντα,
1302 2553 1356 2594 ω
1401 2524 1639 2615 ανδρες
1682 2530 2022 2613 δικασταί,
2083 2557 2198 2614 ουχ
2242 2527 2444 2654 ὁρᾶτε
2478 2550 2552 2606 32

275 2658 473 2712 οπως
518 2625 771 2719 ἆπάγει
813 2632 935 2717 μὲν
978 2630 1096 2698 τὸν
1144 2623 1474 2719 ἆκροατὴν
1517 2634 1629 2698 καὶ
1674 2631 1850 2719 πρὸς
1892 2632 2012 2723 τὴν
2056 2639 2231 2701 θέαν
2271 2658 2448 2701 απο-

278 2739 590 2824 στρέφει,
659 2727 867 2820 μόνον
934 2734 1008 2800 δὲ
1076 2735 1477 2800 καταλείπει
1526 2731 1645 2800 τὸν
1700 2734 2010 2819 λέγοντα,-
2074 2740 2188 2804 καὶ
2246 2738 2448 2825 ε’γωγε

278 2837 641 2924 διεξῆλθον
700 2830 904 2919 αὖτά,
974 2828 1091 2920 οὖχ
1146 2835 1260 2902 ἵνα
1316 2833 1437 2902 τὸν
1494 2826 1831 2903 ἆντίδικον
1881 2837 2216 2926 τολμηρὸν
2271 2836 2446 2908 ὓπο-

280 2941 599 3025 λαβόντες
665 2941 777 3006 καὶ
847 2937 1145 3026 θρασύν,
1213 2937 1286 3004 εἶ·
1341 2949 1489 3016 τοῖς
1558 2936 1733 3004 οὕτω
1801 2937 2150 3019 δυσκόλοις
2206 2940 2443 3010 ἑαυτὸν

278 3041 446 3109 ἑκών
511 3046 737 3129 φέρων
794 3038 1115 3125 ἐπέβαλε,
1173 3042 1555 3126 καταγνῶτε
1604 3043 1717 3109 καὶ
1772 3041 2101 3132 μισήσητε
2156 3047 2268 3113 καὶ
2325 3044 2443 3114 ἐπὶ

274 3148 409 3211 τῶν
453 3143 669 3230 λόγων
714 3144 1220 3231 ἐγκαταλίπητε,
1268 3134 1416 3208 ἄλλ’
1468 3141 1582 3210 ἵνα
1622 3144 1883 3229 μᾶλλον
1929 3141 2111 3233 αὐτῷ
2142 3170 2443 3235 συναγω-

276 3251 568 3334 νίσησθε
628 3248 740 3313 καὶ
806 3241 900 3324 ὥς
966 3242 1111 3312 οἶόν
1165 3269 1241 3312 τε
1296 3244 1748 3329 καταμύοντες
1806 3240 2085 3337 ἀκούητε
2140 3253 2275 3317 τῶν
2333 3252 2442 3318 λε-

272 3351 572 3434 γομένων
658 3346 1073 3434 λογιζόμενοι
1153 3350 1274 3413 τοῦ
1347 3344 1741 3434 πράγματος
1818 3347 1939 3436 τὴν
2021 3350 2437 3437 δυσχέρειαν·

271 3449 472 3534 μόλις
514 3449 640 3536 γὰρ
686 3439 768 3518 ἂν
815 3441 987 3516 οῧτω
1033 3448 1353 3537 δυνηθείη
1401 3445 1479 3516 οὗ
1526 3449 1890 3531 δικασταῖς,
1936 3443 2111 3517 ἀλλὰ
2141 3474 2439 3538 συναγω-

273 3565 538 3630 νισταῑς
579 3547 737 3636 ύμῖν
774 3549 1190 3639 χρησάμενος
1231 3549 1323 3641 μὴ
1370 3544 1813 3618 παντάπασιν
1858 3548 2130 3631 ἀνάξιος
2159 3557 2276 3640 τῆς
2319 3558 2439 3622 τοῦ

273 3654 462 3721 οἴκου
537 3655 977 3732 πολυτελείας
1051 3655 1479 3738 νομισθῆναι.
1577 3651 1637 3718 εἰ
1715 3653 1788 3719 δὲ
1860 3648 2031 3739 υπὲρ
2097 3647 2433 3723 ἀντιδίκου

267 3759 488 3824 ταῦτα
539 3756 809 3840 δέομαι,
867 3753 958 3845 μὴ
1016 3752 1449 3840 θαυμάσητε·
1537 3749 1670 3819 ὕπὸ
1728 3753 1854 3840 γὰρ
1910 3757 2029 3821 τοῦ
2086 3752 2204 3823 τὸν
2250 3753 2432 3826 οἶκον

270 3859 500 3976 φιλεῖν
552 3860 665 3925 καὶ
715 3856 833 3926 τὸν
890 3856 959 3925 ἐν
1006 3853 1188 3942 αὐτῷ
1233 3857 1538 3941 λέγοντα,
1598 3849 1787 3933 όστις
1832 3882 1912 3922 αν
1954 3841 2018 3946 ᾖ,
2063 3860 2430 3951 βουλοίμην

269 3985 354 4026 αν
402 3953 796 4045 εὗδοκιμεῖν.
