2867 4525
490 281 525 340 1
536 229 620 339 '76v
1432 274 1810 330 ΔΟΥΚΙΔΝΟΥ

668 454 866 518 ΤΙΜ.
961 445 1354 532 Θαυμάσιος
1409 442 1531 533 τὴν
1587 449 1845 533 τέχνην,
1907 439 2001 523 ὥς
2057 442 2355 531 ἔφασκον
2413 442 2481 510 οἱ
2534 442 2639 527 ἒμ-

492 554 845 633 πλέοντες,
915 553 1026 619 καὶ
1092 546 1178 617 τὰ
1240 548 1588 616 θαλάττια
1654 545 1871 635 σοφὸς
1936 542 2107 629 ὑπὲρ
2166 544 2287 614 τὸν
2343 550 2641 630 Πρωτέα.

425 668 457 723 ’2
493 662 553 724 7.
598 646 925 742 ἠκούσατε
970 651 1044 718 δὲ
1089 642 1280 729 ὅπως
1324 650 1519 734 δεῦρο
1563 647 1891 736 κατήγαγε
1917 646 1992 716 τὸ
2028 648 2292 728 πλοῖον,
2340 646 2452 715 οἶα
2481 646 2730 715 ἕκτα-253

493 761 630 823 θον
671 748 993 833 πλέοντες
1034 754 1147 821 καὶ
1193 747 1284 832 ὥς
1325 748 1360 819 0‘
1409 745 1625 838 ἀστὴρ
1673 744 1915 829 αὐτοὺς
1959 750 2211 818 ἔσωσεν
2224 778 2248 834 ,·

665 912 890 975 ΛΥΚ.
989 901 1151 987 Οῦκ,
1202 889 1256 970 (ἶ
1306 902 1638 989 Τιμόλαε,
1698 895 1869 969 ἀλλά
1917 905 2030 970 νῦν
2072 897 2286 991 ἡδέως
2331 890 2413 968 ἀν
2459 894 2650 968 ἀκού·

506 1032 764 1094 σαιμεν.

675 1166 874 1230 ΤΙΜ.
954 1156 1028 1228 ‘0
1099 1159 1464 1249 ναύκληρος
1529 1152 1734 1238 αύτὸς
1808 1157 2098 1246 διηγεῖτό
2157 1183 2309 1243 μοι,
2375 1157 2655 1247 χρηστὸς

502 1257 667 1353 ἀνὴρ
720 1266 835 1331 καὶ
892 1264 1400 1351 προσομιλῆσαι
1455 1261 1692 1341 δεξιός.
1779 1260 1908 1350 ἔφη
1957 1259 2030 1328 δὲ
2075 1252 2214 1328 ἀπὸ
2259 1263 2382 1347 τῆς
2429 1256 2656 1346 Φάρου

501 1359 901 1452 ἀπάραντας
945 1362 1022 1434 ού
1067 1364 1251 1433 πάνυ
1293 1370 1503 1452 βιαίῳ
1548 1363 1884 1447 πνεύματι
1912 1361 2316 1449 ἑβδομαίους
2348 1361 2518 1431 ἰδεῖν
2547 1361 2656 1430 τὸν

489 1462 926 1553 Ἀκάμαντα,
1000 1463 1147 1535 εἶτα
1214 1465 1498 1556 ζεφύρου
1572 1459 2138 1545 ἀντιπνεύσαντος
2204 1460 2659 1550 ἀπενεχθῆναι

500 1572 831 1658 πλαγίους
876 1566 1029 1657 ἀχρι
1059 1570 1377 1653 Σιδῶνος,
1424 1568 1686 1638 ἐκεῖθεν
1731 1568 1804 1635 δὲ
1840 1570 2124 1652 χειμῶνι
2165 1566 2436 1654 μεγάλῳ
2469 1593 2660 1652 περι·

498 1673 838 1753 πεσόντας
895 1672 1133 1761 δεκάτῃ
1193 1671 1311 1741 ἐπὶ
1355 1672 1769 1749 Χελιδονέας
1826 1668 1939 1739 διὰ
1995 1673 2113 1737 τοῦ
2165 1664 2503 1749 Αὐλῶνος
2559 1668 2659 1738 ἐλ·

499 1780 693 1856 θεῖν,
742 1774 916 1842 ἔνθα
962 1771 1040 1863 δὴ
1088 1774 1278 1860 παρὰ
1319 1772 1557 1859 μικρὸν
1601 1769 2051 1859 ὑποβρυχίους
2095 1771 2289 1839 δῦναι
2335 1763 2657 1850 ἅπαντας.

430 1889 468 1943 8
505 1880 565 1944 8.
612 1873 767 1944 οἶδα
815 1877 887 1943 δέ
931 1902 1101 1945 ποτε
1140 1878 1251 1945 καὶ
1302 1870 1504 1955 αὐτὸς
1546 1874 2036 1962 παραπλεύσας
2065 1874 2481 1953 Χελιδονέας
2516 1869 2660 1961 ἡλί-

500 2004 616 2046 κον
673 1977 741 2047 &v
798 1982 897 2066 τῷ
955 1980 1151 2067 τόπῳ
1211 1974 1569 2047 ἀνίσταται
1618 1977 1696 2045 τὸ
1742 1981 1951 2062 κῦμα,
2007 1980 2119 2047 καὶ
2163 1976 2463 2063 μάλιστα
2507 1978 2658 2062 περὶ

498 2079 618 2149 τὸν
676 2083 871 2169 λίβα,
929 2078 1193 2152 ὁπόταν
1250 2081 1543 2169 ἐπιλάβῃ
1601 2082 1709 2148 καὶ
1767 2083 1888 2148 τοῦ
1932 2080 2163 2149 νότου·
2250 2071 2402 2146 κατ’
2459 2078 2659 2148 ἐκεῖνο

500 2183 627 2273 γὰρ
673 2183 752 2274 δὴ
801 2191 1155 2273 συμβαίνει
1197 2184 1598 2271 μερίζεσθαι
1636 2183 1715 2251 τό
1746 2183 2158 2272 Παμφύλιον
2189 2175 2327 2251 ἀπὸ
2360 2184 2484 2268 τῆς
2510 2189 2656 2250 Αυ-
2673 2183 2740 2247 25¹

500 2291 731 2375 κιακῆς
774 2282 1155 2375 θαλάττης,
1199 2289 1314 2354 καὶ
1356 2282 1391 2354 ό
1440 2286 1696 2354 κλύδων
1739 2278 1858 2353 ὅτε
1902 2281 2040 2353 ἀπὸ
2088 2287 2364 2352 πολλῶν
2406 2284 2653 2374 ῥευμά·

502 2413 637 2455 των
691 2392 849 2476 περὶ
894 2393 990 2477 τῴ
1037 2386 1430 2478 ἀκρωτηρίῳ
1479 2387 1861 2473 σχιζόμενος
1903 2424 1989 2436 -
2035 2381 2370 2473 ἀπόξυροι
2413 2387 2491 2454 δέ
2537 2386 2655 2454 εἰσι

503 2495 751 2577 πέτραι
805 2493 920 2560 καὶ
974 2485 1192 2572 ὀξεῖαι
1250 2490 1819 2579 παραθηγόμεναι
1859 2493 1959 2577 τῷ
2001 2489 2330 2574 κλύσματι
2372 2527 2462 2538 -
2509 2486 2653 2578 [καὶ]

505 2594 982 2684 φοβερωτάτην
1037 2607 1228 2665 ποιεῖ
1281 2593 1402 2684 τὴν
1459 2591 1850 2680 κυματωγὴν
1906 2595 2018 2662 καὶ
2074 2591 2192 2661 τὸν
2235 2578 2395 2678 ἦχον
2437 2601 2656 2680 μέγαν,

503 2701 615 2766 καὶ
679 2697 755 2765 τὸ
824 2701 999 2784 κῦμα
1063 2696 1392 2776 πολλάκις
1459 2689 1644 2782 αυτῷ
1709 2694 2105 2782 ἰσομέγεθες
2169 2698 2267 2781 τῷ
2334 2696 2658 2781 σκοπέλῳ.

434 2811 473 2867 9
509 2804 569 2866 9.
612 2803 894 2868 τοιαῦτα
956 2805 1071 2869 καὶ
1144 2803 1328 2889 σφᾶς
1394 2799 1799 2883 καταλαβεῖν
1857 2797 2145 2885 ε’φασκεν
2203 2792 2240 2864 o‘
2308 2792 2659 2886 ναύκληρος

507 2901 608 2970 ἔτι
663 2904 776 2971 καὶ
834 2904 1069 2982 νυκτὸς
1122 2899 1326 2990 οῦσης
1384 2900 1595 2991 ζόφου
1655 2894 2001 2986 ἀκριβοῦς·
2087 2893 2259 2967 ἀλλὰ
2318 2897 2498 2985 πρὸς
2552 2896 2657 2986 τὴν

508 3003 802 3093 οἰμωγὴν
861 2998 1080 3073 αὗτῶν
1138 3004 1678 3082 ἐπικλασθέντας
1731 3001 1889 3081 τοὺς
1945 3001 2154 3080 θεοὺς
2195 3005 2333 3090 πῦρ
2377 3027 2465 3087 με
2510 2995 2657 3070 ἀνα·

509 3104 726 3183 δεῖξαι
772 3102 909 3173 ἀπὸ
955 3109 1074 3193 τῆς
1115 3110 1404 3187 Λυκίας,
1453 3106 1564 3172 καὶ
1607 3110 1935 3192 γνωρίσαι
1976 3101 2096 3172 τὸν
2137 3102 2354 3171 τόπον
2401 3103 2656 3184 ἐκεῖνον,

506 3212 622 3273 καί
663 3231 816 3275 τινα
871 3206 1183 3294 λαμπρὸν
1228 3201 1480 3295 ἀστέρα
1522 3205 1958 3290 Διοσκούρων
2001 3204 2121 3274 τὸν
2166 3204 2390 3291 ἕτερον
2433 3204 2659 3275 ἐπικα-

508 3312 714 3378 θίσαι
757 3313 854 3398 τῷ
896 3316 1234 3399 καρχησίῳ
1277 3311 1392 3378 καὶ
1434 3312 1847 3377 κατευθῦναι
1888 3307 2009 3396 τὴν
2055 3310 2215 3377 ναῦν
2246 3306 2362 3377 ἐπὶ
2392 3306 2481 3375 τὰ
2513 3305 2661 3377 λαιὰ

511 3410 579 3490 ἐς
640 3410 716 3479 τὸ
787 3415 1081 3499 πέλαγος
1137 3408 1265 3500 ἤδη
1324 3415 1422 3500 τῷ
1479 3414 1747 3501 κρημνῷ
1802 3414 2394 3500 προσφερομένην·
2483 3403 2663 3478 τούν·

506 3517 748 3582 τεῦθεν
806 3515 879 3583 δὲ
938 3508 1129 3609 ἅπαξ
1168 3518 1291 3601 τῆς
1334 3507 1553 3601 ὀρθῆς
1598 3512 2005 3592 ἐκπεσόντας
2048 3510 2163 3581 διὰ
2205 3514 2327 3580 τοῦ
2369 3511 2663 3601 Αἰγαίου

509 3618 931 3697 πλεύσαντας
976 3617 1431 3707 ἑβδομηκοστῇ
1482 3610 1609 3684 ἀπ’
1635 3616 2000 3703 Αἰγύπτου
2031 3612 2248 3705 ἡμέρᾳ
2275 3614 2454 3703 πρὸς
2486 3614 2663 3685 ἐναν-

506 3725 691 3797 τίους
732 3719 889 3797 τούς
935 3719 1204 3810 ἐτησίας
1246 3718 1744 3807 πλαγιάζοντας
1787 3718 1856 3798 ἐς
1892 3721 2194 3806 Πειραιᾶ
2217 3718 2387 3803 χθὲς
2416 3723 2665 3804 καθορ-

505 3825 852 3903 μίσασθαι
894 3825 1217 3890 τοσοῦτον
1261 3816 1724 3907 ἀποσυρέντας
1769 3819 1838 3900 ἐς
1879 3819 1956 3889 τὸ
1989 3821 2191 3903 κάτω,
2238 3817 2354 3899 οὓς
2385 3819 2529 3888 ἔδει
2554 3819 2662 3909 τὴν

506 3920 774 4009 Κρήτην
834 3922 1058 4001 δεξιὰν
1116 3924 1447 4009 λαβόντας
1501 3920 1674 4008 ὑπὲρ
1732 3921 1854 4008 τὴν
1908 3925 2200 3991 Μαλέαν
2243 3921 2660 4001 πλεύσαντας

506 4017 630 4110 ἤδη
678 4019 851 4090 εἶναι
896 4021 964 4089 ἓν
999 4016 1269 4113 Ἰταλίᾳ.
