2867 4525
446 300 528 358 60
1348 305 1638 358 ΛΟΥΚΙΑΝ
1640 306 1728 359 ΟΥ

447 472 785 560 φίζοντες·
871 478 986 542 καὶ
1018 477 1053 541 ὁ
1105 475 1352 560 δρόμος
1396 472 1474 541 οὐ
1519 474 1695 560 πρὸς
1736 473 1812 542 τὸ
1863 471 2140 558 στερρὸν
2183 474 2295 541 καὶ
2342 468 2611 541 ἀντίτυ-

446 600 601 660 πον,
650 569 817 641 ἀλλὰ
868 577 937 644 ἐν
980 576 1244 665 ψάμμῳ
1286 581 1548 665 βαθείᾳ
1592 576 1765 643 ἔνθα
1811 571 1964 643 οὔτε
2002 582 2297 662 βεβαίως
2338 569 2612 661 ἀπερεῖ-

449 701 567 745 σαι
639 676 759 766 τὴν
824 676 1028 764 βάσιν
1094 675 1245 746 οὕτε
1312 678 1741 768 ἐπιστηρίξαι
1807 678 2040 768 ῥᾴδιον
2105 674 2613 763 ὑποσυρομένου

448 781 622 865 πρὸς
666 780 741 849 τὸ
788 777 1065 850 ὑπεῖκον
1107 785 1229 848 τοῦ
1274 782 1510 859 ποδός.
1591 775 1761 848 ἀλλὰ
1805 783 1917 847 καὶ
1947 777 2460 865 ὑπεράλλεσθαι
2487 779 2620 847 τά·

452 906 655 970 φρον,
716 885 776 951 εἰ
835 885 1005 966 δέοι,
1060 874 1104 973 ἢ
1163 884 1230 951 εἰ’
1277 912 1348 952 τι
1407 879 1571 949 ἷίλλο
1619 882 1981 967 ἐμπόδιον,
2037 885 2147 948 καὶ
2197 881 2370 968 πρὸς
2413 886 2615 950 τοῦτο

454 978 814 1053 ἀσκοῦνται
856 983 1038 1075 ἡμῖν,
1086 987 1186 1055 ἔτι
1228 990 1341 1054 καὶ
1387 985 1799 1071 μολυβδίδας
1838 987 2322 1074 χειροπληθεῖς
2366 984 2434 1052 ἐν
2464 998 2616 1053 ταῖν

448 1099 668 1169 χεροῖν
714 1088 990 1170 ἔχοντες.
1066 1085 1212 1156 εἶτα
1257 1091 1419 1172 περὶ
1466 1080 1774 1155 ἀκοντίου
1817 1088 2023 1176 βολῆς
2069 1086 2136 1165 ἐς
2178 1090 2384 1174 μῆκος
2414 1082 2617 1172 ἀμιλ-
2837 1099 2838 1194 ¹

454 1191 724 1258 λῶνται.
814 1186 986 1269 εἶδες
1045 1191 1118 1257 δὲ
1170 1194 1283 1259 καὶ
1339 1185 1502 1256 ἄλλο
1557 1214 1626 1256 τι
1680 1187 1749 1255 ἐν
1807 1192 1902 1275 τῷ
1948 1195 2292 1276 γυμνασίῳ
2332 1192 2620 1273 χαλκοῦν
2837 1197 2838 1212 ἢ

453 1292 817 1379 περιφερὲς
878 1288 1124 1360 ἀσπίδι
1175 1296 1381 1380 μικρᾷ
1438 1289 1654 1369 ἐοικὸς
1706 1286 1945 1373 ὄχανον
2004 1289 2120 1358 οὐκ
2173 1291 2403 1380 ἐχούσῃ
2464 1286 2620 1358 οὑδὲ

453 1396 862 1478 τελαμῶνας,
906 1398 1021 1462 καὶ
1068 1393 1446 1482 ἐπειράθης
1489 1418 1564 1479 γε
1610 1386 1815 1460 αὑτοῦ
1858 1399 2162 1477 κειμένου
2210 1392 2277 1460 ἐν
2306 1398 2402 1479 τῶ
2430 1399 2619 1481 μέσῳ

453 1499 564 1563 καὶ
611 1495 828 1564 ἐδόκει
875 1519 984 1564 σοι
1025 1497 1198 1581 βαρὺ
1243 1500 1354 1563 καὶ
1388 1496 1772 1584 δύσληπτον
1803 1492 1937 1563 ὑπὸ
1975 1496 2348 1585 λειότητος·
2409 1496 2619 1563 ἐκεῖνο

453 1603 679 1665 τοίνυν
722 1593 865 1665 ἀνω
895 1624 968 1666 τε
999 1592 1528 1684 ἀναρριπτοῦσιν
1577 1596 1645 1675 ἐς
1672 1597 1790 1665 τὸν
1834 1591 2003 1684 ἀέρα
2032 1601 2145 1665 καὶ
2176 1599 2244 1676 ἐς
2271 1595 2347 1665 τὸ
2383 1599 2618 1683 πόρρω
2639 1621 2728 1671 910
2839 1655 2840 1690 3

456 1701 1014 1790 φιλοτιμούμενοι
1059 1694 1248 1779 ὅστις
1294 1699 1412 1767 ἐπὶ
1455 1693 1776 1789 μήκιστον
1830 1698 2101 1778 ἐξέλθοι
2142 1704 2256 1768 καὶ
2299 1699 2457 1779 τοὺς
2502 1699 2624 1767 ἄλ-

457 1805 613 1882 λους
668 1798 1155 1889 ὑπερβάλοιτο,
1213 1805 1325 1870 καὶ
1383 1798 1418 1868 ό
1481 1800 1694 1880 πόνος
1755 1795 1949 1880 οὗτος
2004 1797 2225 1885 ὤμους
2284 1828 2358 1869 τε
2403 1796 2624 1870 αὐτῶν

370 1904 770 1989 28κρατύνει
822 1908 935 1972 καὶ
992 1900 1188 1973 τόνον
1247 1918 1390 1983 τοῖς
1437 1900 1665 1990 ἄκροις
1720 1902 2089 1992 ἐντίθησιν.
2178 1909 2280 1972 28.
2327 1902 2363 1973 0‘
2410 1903 2627 1994 πηλὸς

462 2008 535 2074 δὲ
599 2011 704 2074 καὶ
769 2003 808 2094 ἦ
876 2007 1089 2094 κόνις,
1158 2000 1331 2093 ὅπερ
1389 2029 1500 2073 σοι
1556 2004 1942 2094 γελοιότερα
1998 2005 2070 2085 ἐξ
2127 2003 2325 2094 ἀρχῆς
2379 2007 2624 2090 ἔδοξεν,

464 2105 778 2190 ἀκουσον,
847 2094 904 2174 ὦ
961 2109 1337 2194 θαυμάσιε,
1399 2102 1558 2176 ὅτου
1614 2108 1801 2175 ἕνεκα
1859 2104 2339 2198 ὑποβέβληται.
2433 2113 2625 2195 πρῶ-

462 2238 580 2280 τον
624 2217 765 2297 μέν,
812 2207 906 2290 ῶς
944 2209 1035 2299 μὴ
1074 2210 1190 2278 ἐπὶ
1220 2210 1296 2279 τὸ
1330 2209 1652 2298 κραταιὸν
1684 2208 1722 2297 ἡ
1757 2214 2021 2290 πτῶσις
2054 2206 2281 2290 αὐτοῖς
2309 2218 2625 2299 γίγνοιτο,

463 2309 602 2383 ἀλλ’
656 2314 770 2382 ἐπὶ
816 2313 893 2382 τὸ
939 2313 1240 2399 μαλακὸν
1286 2308 1612 2404 ἀσφαλῶς
1655 2320 2012 2382 πίπτοιεν·
2081 2313 2324 2381 ’ἔπειτα
2366 2317 2480 2382 καὶ
2507 2314 2628 2381 τὸν

462 2417 750 2485 ὄλισθον
811 2411 1055 2505 ἀνάγκη
1116 2419 1332 2483 πλείω
1376 2422 1766 2503 γίγνεσθαι,
1828 2417 2192 2502 ἱδρούντων
2237 2416 2306 2483 ἐν
2349 2419 2446 2503 τῷ
2490 2441 2628 2505 πη·-

464 2521 591 2606 λῶ,
652 2519 689 2587 ὃ
749 2517 829 2585 σὺ
881 2530 1031 2595 ταῖς
1087 2518 1414 2605 ἐγχέλεσιν
1473 2519 1754 2600 εἴκαζες,
1818 2513 1935 2586 οὑκ
1994 2514 2257 2604 ἀχρεῖον
2318 2512 2472 2585 οὐδὲ
2516 2543 2626 2604 γε·

464 2624 652 2690 λοῖον
706 2618 815 2704 ὅν,
872 2614 1042 2687 ἀλλὰ
1086 2624 1199 2688 καὶ
1247 2625 1445 2688 τοῦτο
1493 2622 1590 2699 εἰς
1646 2620 1831 2703 ἰσχὺν
1874 2623 1986 2688 καὶ
2030 2621 2227 2688 τόνον
2273 2614 2389 2687 οὑκ
2431 2619 2629 2707 ὀλίγα

464 2725 791 2807 συντελεῖ,
866 2720 1128 2791 ὅπόταν
1200 2716 1412 2801 οὑτως
1483 2722 1766 2806 ἐχόντων
1834 2717 2139 2812 ἀλλήλων
2210 2716 2629 2808 ἀναγκάζων-

461 2853 580 2894 ται.
647 2825 973 2912 ἐγκρατῶς
1047 2820 1672 2910 ἀντιλαμβάνεσθαι
1738 2828 1851 2892 καὶ
1917 2829 2208 2908 συνέχειν
2268 2825 2630 2892 διολισθά-

464 2946 729 3005 νοντας·
837 2927 1164 3013 αῗρεσθαί
1225 2952 1300 2994 τε
1367 2926 1437 2994 ἐν
1502 2929 1702 3017 πηλῷ
1770 2926 2103 3011 ἱδρωκότα
2165 2917 2297 3010 μετ’
2378 2925 2628 3008 ἐλαίου,

466 3031 772 3098 ἐκπεσεῖν
815 3032 929 3097 καὶ
976 3031 1367 3118 διαρρυῆναι
1410 3033 1545 3096 τῶν
1584 3032 1828 3114 χειρῶν
1870 3028 2332 3109 σπουδάζοντα
2376 3026 2465 3115 μὴ
2514 3055 2630 3113 μι-

464 3129 623 3215 κρὸν
685 3128 859 3198 εἶναι
914 3130 1158 3214 νόμιζε.
1253 3134 1365 3198 καὶ
1419 3135 1635 3198 ταῦτα
1689 3131 1948 3212 πάντα,
2006 3125 2237 3215 ὥσπερ
2296 3131 2468 3219 ἔφην
2512 3131 2632 3216 ἔμ-

468 3237 809 3317 προσθεν,
871 3231 939 3312 ἐς
981 3232 1138 3311 τοὺς
1180 3232 1520 3316 πολέμους
1564 3231 1721 3320 [καὶ]
1761 3228 2087 3322 χρήσιμα,
2135 3233 2197 3300 εἰ
2241 3235 2384 3300 δέοι
2428 3237 2631 3321 φίλον

467 3338 818 3422 τρωθέντα
880 3335 1131 3426 ῥᾳδίως
1187 3329 1517 3422 ἀράμενον
1562 3331 2015 3421 ὑπεξενεγκεῖν
2057 3324 2101 3423 ἢ
2144 3338 2258 3402 καὶ
2301 3337 2633 3419 πολέμιον

470 3437 995 3521 συναρπάσαντα
1045 3431 1243 3559 ἥκειν*
1271 3442 1608 3521 μετέωρον
1650 3437 2026 3522 κομίζοντα.
2113 3439 2228 3503 καὶ
2273 3435 2388 3503 διὰ
2431 3441 2630 3505 τοῦτο

469 3538 567 3617 εἷς
609 3536 988 3628 ὑπερβολὴν
1034 3534 1366 3623 ἀσκοῦμεν
1407 3537 1494 3605 τὰ
1534 3541 1969 3624 χαλεπώτερα
2013 3543 2486 3626 προτιθέντες,
2542 3536 2634 3618 ὥς

380 3656 458 3712 29
475 3637 559 3706 τὰ
610 3640 971 3728 μικρότερα
1013 3644 1248 3727 μακρῷ
1293 3635 1733 3727 εὐκολώτερον
1779 3646 2073 3730 φέροιεν.
2160 3646 2265 3710 29.
2306 3639 2434 3729 τήν
2473 3644 2634 3727 μέν·

466 3766 577 3809 τοι
632 3742 815 3809 κόνιν
873 3741 990 3810 ἐπὶ
1042 3741 1118 3810 τὸ
1185 3741 1486 3810 ἐναντίον
1537 3750 1865 3832 χρησίμην
1924 3742 2219 3827 οἰόμεθα
2277 3739 2482 3825 εἶναι,
2544 3740 2636 3862 ὥς

468 3842 557 3930 μὴ
631 3843 1133 3912 διολισθάνοιεν
1202 3843 1767 3929 συμπλεκόμενοι·
1869 3843 2147 3913 ἐπειδὰν
2210 3843 2338 3931 γὰρ
2404 3844 2475 3912 ἐν
2536 3846 2635 3932 τῷ

472 3944 669 4032 πηλῷ
730 3938 1087 4031 ἀσκηθῶσι
1146 3951 1438 4029 συνέχειν
1492 3945 1568 4014 τὸ
1622 3945 2094 4033 διαδιδρᾶσκον
2137 3943 2272 4013 ὑπὸ
2321 3947 2633 4033 γλισχρό·
2648 3968 2727 4020 911

472 4068 698 4131 τητος,
757 4043 1102 4125 ἐθίζονται
1155 4049 1265 4113 καὶ
1326 4046 1666 4136 ἐκφεύγειν
1728 4041 1919 4115 αὑτοὶ
1967 4050 2341 4137 ληφθέντες
2385 4049 2456 4115 ἐκ
2496 4054 2635 4117 τῶν
