<?xml version="1.0" encoding="UTF-8"?>
<!DOCTYPE html PUBLIC "-//W3C//DTD XHTML 1.0 Transitional//EN"
    "http://www.w3.org/TR/xhtml1/DTD/xhtml1-transitional.dtd">
<html xmlns="http://www.w3.org/1999/xhtml" xml:lang="en" lang="en">
 <head>
  <title>
</title>
<meta http-equiv="Content-Type" content="text/html;charset=utf-8" />
  <meta name='ocr-system' content='tesseract 3.04.00' />
  <meta name='ocr-capabilities' content='ocr_page ocr_carea ocr_par ocr_line ocrx_word'/>
</head>
<body>
  <div class='ocr_page' id='page_1' title='image "./lucianus02sommgoog/lucianus02sommgoog_0155.png"; bbox 0 0 2867 4525; ppageno 0'>
   <div class='ocr_carea' id='block_1_1' title="bbox 736 257 2426 324">
    <p class='ocr_par' dir='ltr' id='par_1_1' title="bbox 736 257 2426 324">
     <span class='ocr_line' id='line_1_1' title="bbox 736 257 2426 324; baseline 0.008 -13"><span class='ocrx_word' id='word_1_1' title='bbox 736 258 890 312; x_wconf 82' lang='grc' dir='ltr'><strong>ΠΕΡΙ</strong></span> <span class='ocrx_word' id='word_1_2' title='bbox 924 257 1052 313; x_wconf 85' lang='grc' dir='ltr'><strong><em>ΤΟΥ</em></strong></span> <span class='ocrx_word' id='word_1_3' title='bbox 1085 257 1181 313; x_wconf 86' lang='grc' dir='ltr'><strong><em>ΜΗ</em></strong></span> <span class='ocrx_word' id='word_1_4' title='bbox 1218 260 1378 314; x_wconf 81' lang='grc' dir='ltr'><strong><em>ΡΑιΔ.</em></strong></span> <span class='ocrx_word' id='word_1_5' title='bbox 1414 260 1584 314; x_wconf 87' lang='grc' dir='ltr'><strong><em>ΠΙΣΤ.</em></strong></span> <span class='ocrx_word' id='word_1_6' title='bbox 1620 262 1937 317; x_wconf 74' lang='grc' dir='ltr'><strong><em>ΔΙΑΒΟΔΗι.</em></strong></span> <span class='ocrx_word' id='word_1_7' title='bbox 2302 265 2426 324; x_wconf 84' lang='grc'><strong><em>137</em></strong></span> 
     </span>
    </p>
   </div>
   <div class='ocr_carea' id='block_1_2' title="bbox 126 422 2490 4089">
    <p class='ocr_par' dir='ltr' id='par_1_2' title="bbox 126 422 2490 4089">
     <span class='ocr_line' id='line_1_2' title="bbox 243 422 2424 522; baseline 0.005 -29"><span class='ocrx_word' id='word_1_8' title='bbox 243 434 416 513; x_wconf 75' lang='grc' dir='ltr'><strong><em>ἡμῖν</em></strong></span> <span class='ocrx_word' id='word_1_9' title='bbox 471 422 511 516; x_wconf 81' lang='grc' dir='ltr'><em>ἦ</em></span> <span class='ocrx_word' id='word_1_10' title='bbox 572 426 765 496; x_wconf 82' lang='grc' dir='ltr'><strong><em>εἰκῶν</em></strong></span> <span class='ocrx_word' id='word_1_11' title='bbox 821 432 1082 514; x_wconf 90' lang='grc' dir='ltr'><strong><em>γένοιτο</em></strong></span> <span class='ocrx_word' id='word_1_12' title='bbox 1129 433 1582 517; x_wconf 89' lang='grc' dir='ltr'><strong><em>φανερωτέρα.</em></strong></span> <span class='ocrx_word' id='word_1_13' title='bbox 1676 430 1822 500; x_wconf 71' lang='grc' dir='ltr'><strong><em>ἔστι</em></strong></span> <span class='ocrx_word' id='word_1_14' title='bbox 1877 438 2100 502; x_wconf 93' lang='grc' dir='ltr'><strong><em>τοίνυν</em></strong></span> <span class='ocrx_word' id='word_1_15' title='bbox 2145 434 2424 522; x_wconf 88' lang='grc' dir='ltr'><strong><em>διαβολὴ</em></strong></span> 
     </span>
     <span class='ocr_line' id='line_1_3' title="bbox 245 529 2430 623; baseline 0.005 -27"><span class='ocrx_word' id='word_1_16' title='bbox 245 534 622 618; x_wconf 81' lang='grc' dir='ltr'><strong><em>κατηγορία</em></strong></span> <span class='ocrx_word' id='word_1_17' title='bbox 676 554 783 609; x_wconf 90' lang='grc' dir='ltr'><strong><em>τις</em></strong></span> <span class='ocrx_word' id='word_1_18' title='bbox 839 529 916 609; x_wconf 75' lang='grc' dir='ltr'><strong><em>ἐξ</em></strong></span> <span class='ocrx_word' id='word_1_19' title='bbox 970 530 1253 619; x_wconf 74' lang='grc' dir='ltr'><strong><em>ἐρημίας</em></strong></span> <span class='ocrx_word' id='word_1_20' title='bbox 1307 537 1647 623; x_wconf 77' lang='grc' dir='ltr'><em>γινομένη,</em></span> <span class='ocrx_word' id='word_1_21' title='bbox 1699 531 1817 601; x_wconf 83' lang='grc' dir='ltr'><strong><em>τὸν</em></strong></span> <span class='ocrx_word' id='word_1_22' title='bbox 1860 535 2430 622; x_wconf 74' lang='grc' dir='ltr'><strong><em>κατηγορούμενον</em></strong></span> 
     </span>
     <span class='ocr_line' id='line_1_4' title="bbox 251 630 2424 754; baseline 0.004 -57"><span class='ocrx_word' id='word_1_23' title='bbox 251 631 608 754; x_wconf 82' lang='grc' dir='ltr'><strong><em>λεληθυῖα,</em></strong></span> <span class='ocrx_word' id='word_1_24' title='bbox 654 630 724 699; x_wconf 77' lang='grc' dir='ltr'><strong><em>ἐκ</em></strong></span> <span class='ocrx_word' id='word_1_25' title='bbox 765 636 887 700; x_wconf 83' lang='grc' dir='ltr'><strong><em>τοῦ</em></strong></span> <span class='ocrx_word' id='word_1_26' title='bbox 928 636 1340 720; x_wconf 84' lang='grc' dir='ltr'><strong><em>μονομεροῦς</em></strong></span> <span class='ocrx_word' id='word_1_27' title='bbox 1383 630 1865 715; x_wconf 77' lang='grc' dir='ltr'><strong><em>ἀναντιλέκτως</em></strong></span> <span class='ocrx_word' id='word_1_28' title='bbox 1906 642 2424 729; x_wconf 81' lang='grc' dir='ltr'><strong><em>πεπιστευμένη.</em></strong></span> 
     </span>
     <span class='ocr_line' id='line_1_5' title="bbox 247 728 2426 825; baseline 0.004 -26"><span class='ocrx_word' id='word_1_29' title='bbox 247 732 534 823; x_wconf 84' lang='grc' dir='ltr'><strong><em>τοιαύτη</em></strong></span> <span class='ocrx_word' id='word_1_30' title='bbox 578 734 702 819; x_wconf 80' lang='grc' dir='ltr'><strong><em>μὲν</em></strong></span> <span class='ocrx_word' id='word_1_31' title='bbox 743 729 784 822; x_wconf 83' lang='grc' dir='ltr'>ἥ</span> <span class='ocrx_word' id='word_1_32' title='bbox 816 728 1159 815; x_wconf 82' lang='grc' dir='ltr'><strong><em>ὖπόθεσις</em></strong></span> <span class='ocrx_word' id='word_1_33' title='bbox 1183 737 1307 804; x_wconf 85' lang='grc' dir='ltr'><strong><em>τοῦ</em></strong></span> <span class='ocrx_word' id='word_1_34' title='bbox 1337 734 1556 822; x_wconf 80' lang='grc' dir='ltr'><strong><em>λόγου.</em></strong></span> <span class='ocrx_word' id='word_1_35' title='bbox 1626 741 1833 824; x_wconf 80' lang='grc' dir='ltr'><strong><em>τριῶν</em></strong></span> <span class='ocrx_word' id='word_1_36' title='bbox 1879 733 1943 805; x_wconf 80' lang='grc' dir='ltr'><strong><em>δ’</em></strong></span> <span class='ocrx_word' id='word_1_37' title='bbox 1995 734 2207 806; x_wconf 79' lang='grc' dir='ltr'><strong><em>ὄντων</em></strong></span> <span class='ocrx_word' id='word_1_38' title='bbox 2251 764 2426 825; x_wconf 87' lang='grc' dir='ltr'><strong><em>προ-</em></strong></span> 
     </span>
     <span class='ocr_line' id='line_1_6' title="bbox 250 834 2423 925; baseline 0.005 -25"><span class='ocrx_word' id='word_1_39' title='bbox 250 834 527 917; x_wconf 85' lang='grc' dir='ltr'><strong><em>σώπων,</em></strong></span> <span class='ocrx_word' id='word_1_40' title='bbox 571 835 892 922; x_wconf 89' lang='grc' dir='ltr'><strong><em>καθάπερ</em></strong></span> <span class='ocrx_word' id='word_1_41' title='bbox 924 835 994 904; x_wconf 79' lang='grc' dir='ltr'><strong><em>έν</em></strong></span> <span class='ocrx_word' id='word_1_42' title='bbox 1022 851 1174 917; x_wconf 88' lang='grc' dir='ltr'><strong><em>ταῖς</em></strong></span> <span class='ocrx_word' id='word_1_43' title='bbox 1201 838 1608 924; x_wconf 82' lang='grc' dir='ltr'><strong><em>κωμῳδίαις,</em></strong></span> <span class='ocrx_word' id='word_1_44' title='bbox 1652 843 1772 908; x_wconf 85' lang='grc' dir='ltr'><strong><em>τοῦ</em></strong></span> <span class='ocrx_word' id='word_1_45' title='bbox 1804 840 2284 925; x_wconf 81' lang='grc' dir='ltr'><strong><em>διαβάλλοντος</em></strong></span> <span class='ocrx_word' id='word_1_46' title='bbox 2311 845 2423 911; x_wconf 87' lang='grc' dir='ltr'><strong><em>καὶ</em></strong></span> 
     </span>
     <span class='ocr_line' id='line_1_7' title="bbox 247 936 2421 1032; baseline 0.004 -29"><span class='ocrx_word' id='word_1_47' title='bbox 247 938 374 1003; x_wconf 83' lang='grc' dir='ltr'><strong><em>τοῦ</em></strong></span> <span class='ocrx_word' id='word_1_48' title='bbox 431 936 962 1025; x_wconf 79' lang='grc' dir='ltr'><strong><em>διαβαλλομένου</em></strong></span> <span class='ocrx_word' id='word_1_49' title='bbox 1003 941 1116 1007; x_wconf 85' lang='grc' dir='ltr'><strong><em>καὶ</em></strong></span> <span class='ocrx_word' id='word_1_50' title='bbox 1168 943 1291 1007; x_wconf 84' lang='grc' dir='ltr'><strong><em>τοῦ</em></strong></span> <span class='ocrx_word' id='word_1_51' title='bbox 1345 938 1524 1028; x_wconf 78' lang='grc' dir='ltr'><strong><em>πρὸς</em></strong></span> <span class='ocrx_word' id='word_1_52' title='bbox 1576 939 1655 1008; x_wconf 77' lang='grc' dir='ltr'><strong><em>ὃν</em></strong></span> <span class='ocrx_word' id='word_1_53' title='bbox 1710 936 1750 1029; x_wconf 83' lang='grc' dir='ltr'><em>ἢ</em></span> <span class='ocrx_word' id='word_1_54' title='bbox 1810 940 2090 1032; x_wconf 85' lang='grc' dir='ltr'><strong><em>διαβολὴ</em></strong></span> <span class='ocrx_word' id='word_1_55' title='bbox 2147 948 2421 1028; x_wconf 87' lang='grc' dir='ltr'><strong><em>γίνεται,</em></strong></span> 
     </span>
     <span class='ocr_line' id='line_1_8' title="bbox 126 1035 2418 1129; baseline 0.003 -24"><span class='ocrx_word' id='word_1_56' title='bbox 126 1052 228 1105; x_wconf 80' lang='grc'><strong><em>134</em></strong></span> <span class='ocrx_word' id='word_1_57' title='bbox 250 1035 426 1106; x_wconf 77' lang='grc' dir='ltr'><strong><em>καθ’</em></strong></span> <span class='ocrx_word' id='word_1_58' title='bbox 493 1038 770 1108; x_wconf 74' lang='grc' dir='ltr'><strong><em>ἕκαστον</em></strong></span> <span class='ocrx_word' id='word_1_59' title='bbox 827 1035 1046 1110; x_wconf 81' lang='grc' dir='ltr'><strong><em>αὗτῶν</em></strong></span> <span class='ocrx_word' id='word_1_60' title='bbox 1103 1035 1671 1129; x_wconf 75' lang='grc' dir='ltr'><strong><em>ἐπισκοπήσωμεν</em></strong></span> <span class='ocrx_word' id='word_1_61' title='bbox 1729 1042 1843 1110; x_wconf 81' lang='grc' dir='ltr'><strong><em>οἷα</em></strong></span> <span class='ocrx_word' id='word_1_62' title='bbox 1899 1043 2076 1122; x_wconf 81' lang='grc' dir='ltr'><strong><em>εἰκὸς</em></strong></span> <span class='ocrx_word' id='word_1_63' title='bbox 2120 1040 2289 1112; x_wconf 69' lang='grc' dir='ltr'><strong><em>εἶναι</em></strong></span> <span class='ocrx_word' id='word_1_64' title='bbox 2338 1046 2418 1111; x_wconf 67' lang='grc' dir='ltr'><strong><em>τὰ</em></strong></span> 
     </span>
     <span class='ocr_line' id='line_1_9' title="bbox 239 1135 2490 1233; baseline 0.002 -26"><span class='ocrx_word' id='word_1_65' title='bbox 239 1135 584 1227; x_wconf 86' lang='grc' dir='ltr'><strong><em>γινόμενα.</em></strong></span> <span class='ocrx_word' id='word_1_66' title='bbox 677 1149 735 1209; x_wconf 88' lang='grc'><strong><em>7.</em></strong></span> <span class='ocrx_word' id='word_1_67' title='bbox 780 1146 1051 1229; x_wconf 89' lang='grc' dir='ltr'><strong><em>πρῶτον</em></strong></span> <span class='ocrx_word' id='word_1_68' title='bbox 1093 1144 1216 1229; x_wconf 82' lang='grc' dir='ltr'><strong><em>μὲν</em></strong></span> <span class='ocrx_word' id='word_1_69' title='bbox 1262 1144 1367 1233; x_wconf 87' lang='grc' dir='ltr'><strong><em>δή,</em></strong></span> <span class='ocrx_word' id='word_1_70' title='bbox 1414 1143 1476 1211; x_wconf 86' lang='grc' dir='ltr'><strong><em>εἰ</em></strong></span> <span class='ocrx_word' id='word_1_71' title='bbox 1520 1145 1721 1227; x_wconf 87' lang='grc' dir='ltr'><strong><em>δοκεῖ,</em></strong></span> <span class='ocrx_word' id='word_1_72' title='bbox 1769 1145 2262 1232; x_wconf 71' lang='grc' dir='ltr'><strong><em>παραγάγωμεν</em></strong></span> <span class='ocrx_word' id='word_1_73' title='bbox 2306 1147 2422 1211; x_wconf 63' lang='grc' dir='ltr'><strong><em>τὸν</em></strong></span> <span class='ocrx_word' id='word_1_74' title='bbox 2458 1159 2490 1211; x_wconf 70' lang='grc' dir='ltr'><strong><em>τ’</em></strong></span> 
     </span>
     <span class='ocr_line' id='line_1_10' title="bbox 242 1234 2418 1337; baseline 0.004 -28"><span class='ocrx_word' id='word_1_75' title='bbox 242 1243 821 1330; x_wconf 85' lang='grc' dir='ltr'><strong><em>πρωταγωνιστὴν</em></strong></span> <span class='ocrx_word' id='word_1_76' title='bbox 864 1248 986 1313; x_wconf 87' lang='grc' dir='ltr'><strong><em>τοῦ</em></strong></span> <span class='ocrx_word' id='word_1_77' title='bbox 1033 1234 1403 1331; x_wconf 73' lang='grc' dir='ltr'><strong><em>δράματος,</em></strong></span> <span class='ocrx_word' id='word_1_78' title='bbox 1466 1247 1634 1333; x_wconf 86' lang='grc' dir='ltr'><strong><em>λέγω</em></strong></span> <span class='ocrx_word' id='word_1_79' title='bbox 1692 1247 1764 1314; x_wconf 79' lang='grc' dir='ltr'><strong><em>δὲ</em></strong></span> <span class='ocrx_word' id='word_1_80' title='bbox 1806 1246 1927 1315; x_wconf 85' lang='grc' dir='ltr'><strong><em>τὸν</em></strong></span> <span class='ocrx_word' id='word_1_81' title='bbox 1973 1248 2262 1337; x_wconf 70' lang='grc' dir='ltr'><strong><em>ποιητὴν</em></strong></span> <span class='ocrx_word' id='word_1_82' title='bbox 2306 1255 2418 1331; x_wconf 58' lang='grc' dir='ltr'><strong><em>τῆς</em></strong></span> 
     </span>
     <span class='ocr_line' id='line_1_11' title="bbox 243 1340 2422 1437; baseline 0.001 -25"><span class='ocrx_word' id='word_1_83' title='bbox 243 1346 590 1436; x_wconf 80' lang='grc' dir='ltr'><strong><em>διαβολῆς.</em></strong></span> <span class='ocrx_word' id='word_1_84' title='bbox 691 1340 886 1426; x_wconf 82' lang='grc' dir='ltr'><strong><em>οὗτος</em></strong></span> <span class='ocrx_word' id='word_1_85' title='bbox 945 1347 1018 1415; x_wconf 81' lang='grc' dir='ltr'><strong><em>δὲ</em></strong></span> <span class='ocrx_word' id='word_1_86' title='bbox 1076 1345 1154 1436; x_wconf 85' lang='grc' dir='ltr'><strong><em>δὴ</em></strong></span> <span class='ocrx_word' id='word_1_87' title='bbox 1214 1343 1305 1426; x_wconf 82' lang='grc' dir='ltr'><strong><em>ὥς</em></strong></span> <span class='ocrx_word' id='word_1_88' title='bbox 1359 1347 1482 1432; x_wconf 81' lang='grc' dir='ltr'><strong><em>μὲν</em></strong></span> <span class='ocrx_word' id='word_1_89' title='bbox 1548 1344 1664 1416; x_wconf 76' lang='grc' dir='ltr'><strong><em>οὐκ</em></strong></span> <span class='ocrx_word' id='word_1_90' title='bbox 1731 1341 1997 1436; x_wconf 81' lang='grc' dir='ltr'><strong><em>ἀγαθὸς</em></strong></span> <span class='ocrx_word' id='word_1_91' title='bbox 2052 1346 2422 1437; x_wconf 63' lang='grc' dir='ltr'><strong><em>ἅνθρωτὸς</em></strong></span> 
     </span>
     <span class='ocr_line' id='line_1_12' title="bbox 243 1440 2418 1538; baseline 0 -23"><span class='ocrx_word' id='word_1_92' title='bbox 243 1446 414 1531; x_wconf 78' lang='grc' dir='ltr'><strong><em>ἐστι,</em></strong></span> <span class='ocrx_word' id='word_1_93' title='bbox 459 1451 673 1517; x_wconf 80' lang='grc' dir='ltr'><strong><em>πᾶσιν</em></strong></span> <span class='ocrx_word' id='word_1_94' title='bbox 718 1445 912 1534; x_wconf 83' lang='grc' dir='ltr'><strong><em>οἶμαι</em></strong></span> <span class='ocrx_word' id='word_1_95' title='bbox 939 1448 1300 1534; x_wconf 84' lang='grc' dir='ltr'><strong><em>γνώριμον·</em></strong></span> <span class='ocrx_word' id='word_1_96' title='bbox 1349 1442 1571 1528; x_wconf 80' lang='grc' dir='ltr'><strong><em>οὖδεὶς</em></strong></span> <span class='ocrx_word' id='word_1_97' title='bbox 1597 1450 1723 1538; x_wconf 83' lang='grc' dir='ltr'><strong><em>γὰρ</em></strong></span> <span class='ocrx_word' id='word_1_98' title='bbox 1763 1440 1855 1519; x_wconf 81' lang='grc' dir='ltr'><strong><em>ῶν</em></strong></span> <span class='ocrx_word' id='word_1_99' title='bbox 1901 1446 2166 1537; x_wconf 85' lang='grc' dir='ltr'><strong><em>ἀγαθός</em></strong></span> <span class='ocrx_word' id='word_1_100' title='bbox 2205 1455 2418 1517; x_wconf 63' lang='grc' dir='ltr'><strong><em>κακὼ</em></strong></span> 
     </span>
     <span class='ocr_line' id='line_1_13' title="bbox 249 1543 2418 1640; baseline -0.001 -23"><span class='ocrx_word' id='word_1_101' title='bbox 249 1550 475 1629; x_wconf 80' lang='grc' dir='ltr'><strong><em>α’ίτιος</em></strong></span> <span class='ocrx_word' id='word_1_102' title='bbox 515 1543 760 1637; x_wconf 77' lang='grc' dir='ltr'><strong><em>γένοιτ’</em></strong></span> <span class='ocrx_word' id='word_1_103' title='bbox 814 1577 895 1619; x_wconf 93' lang='grc' dir='ltr'><strong><em>αν</em></strong></span> <span class='ocrx_word' id='word_1_104' title='bbox 923 1553 1024 1639; x_wconf 79' lang='grc' dir='ltr'><strong><em>τῷ</em></strong></span> <span class='ocrx_word' id='word_1_105' title='bbox 1052 1553 1361 1640; x_wconf 89' lang='grc' dir='ltr'><strong><em>πλησίον,</em></strong></span> <span class='ocrx_word' id='word_1_106' title='bbox 1408 1544 1559 1617; x_wconf 75' lang='grc' dir='ltr'><strong><em>ἀλλ’</em></strong></span> <span class='ocrx_word' id='word_1_107' title='bbox 1611 1550 1794 1619; x_wconf 70' lang='grc' dir='ltr'><strong><em>ἔστιν</em></strong></span> <span class='ocrx_word' id='word_1_108' title='bbox 1839 1544 2119 1638; x_wconf 88' lang='grc' dir='ltr'><strong><em>ἀγαθῶν</em></strong></span> <span class='ocrx_word' id='word_1_109' title='bbox 2162 1546 2418 1635; x_wconf 64' lang='grc' dir='ltr'><strong><em>ἀνδρῑῡι</em></strong></span> 
     </span>
     <span class='ocr_line' id='line_1_14' title="bbox 245 1645 2422 1742; baseline 0.002 -24"><span class='ocrx_word' id='word_1_110' title='bbox 245 1647 379 1741; x_wconf 80' lang='grc' dir='ltr'><strong><em>ἀφ’</em></strong></span> <span class='ocrx_word' id='word_1_111' title='bbox 430 1645 522 1719; x_wconf 83' lang='grc' dir='ltr'><strong><em>ὦν</em></strong></span> <span class='ocrx_word' id='word_1_112' title='bbox 568 1676 638 1720; x_wconf 93' lang='grc' dir='ltr'><strong><em>ευ</em></strong></span> <span class='ocrx_word' id='word_1_113' title='bbox 684 1655 1002 1721; x_wconf 81' lang='grc' dir='ltr'><strong><em>ποιοῦσιν</em></strong></span> <span class='ocrx_word' id='word_1_114' title='bbox 1049 1647 1240 1721; x_wconf 83' lang='grc' dir='ltr'><strong><em>αύτοὶ</em></strong></span> <span class='ocrx_word' id='word_1_115' title='bbox 1284 1652 1443 1731; x_wconf 82' lang='grc' dir='ltr'><strong><em>τοὺς</em></strong></span> <span class='ocrx_word' id='word_1_116' title='bbox 1486 1654 1744 1741; x_wconf 85' lang='grc' dir='ltr'><strong><em>φίλους,</em></strong></span> <span class='ocrx_word' id='word_1_117' title='bbox 1796 1648 1913 1721; x_wconf 78' lang='grc' dir='ltr'><strong><em>οὐκ</em></strong></span> <span class='ocrx_word' id='word_1_118' title='bbox 1956 1646 2079 1742; x_wconf 80' lang='grc' dir='ltr'><strong><em>ἀφ’</em></strong></span> <span class='ocrx_word' id='word_1_119' title='bbox 2130 1679 2224 1720; x_wconf 88' lang='grc' dir='ltr'><strong><em>ων</em></strong></span> <span class='ocrx_word' id='word_1_120' title='bbox 2266 1655 2422 1731; x_wconf 58' lang='lat' dir='ltr'><strong><em>mig</em></strong></span> 
     </span>
     <span class='ocr_line' id='line_1_15' title="bbox 243 1748 2418 1843; baseline -0 -23"><span class='ocrx_word' id='word_1_121' title='bbox 243 1750 496 1833; x_wconf 76' lang='grc' dir='ltr'><strong><em>ἄλλους</em></strong></span> <span class='ocrx_word' id='word_1_122' title='bbox 554 1748 937 1834; x_wconf 76' lang='grc' dir='ltr'><strong><em>ἀδικοῦντες</em></strong></span> <span class='ocrx_word' id='word_1_123' title='bbox 995 1755 1348 1823; x_wconf 80' lang='grc' dir='ltr'><strong><em>αἰτιῶνται</em></strong></span> <span class='ocrx_word' id='word_1_124' title='bbox 1401 1758 1515 1822; x_wconf 82' lang='grc' dir='ltr'><strong><em>καὶ</em></strong></span> <span class='ocrx_word' id='word_1_125' title='bbox 1576 1761 1937 1840; x_wconf 76' lang='grc' dir='ltr'><strong><em>μισεῖσθαι</em></strong></span> <span class='ocrx_word' id='word_1_126' title='bbox 1993 1778 2334 1843; x_wconf 44' lang='grc' dir='ltr'><strong><em>παρασῑιῑιιεπι.Ι</em></strong></span> <span class='ocrx_word' id='word_1_127' title='bbox 2342 1759 2418 1819; x_wconf 68' lang='grc' dir='ltr'><strong><em>ἁ-</em></strong></span> 
     </span>
     <span class='ocr_line' id='line_1_16' title="bbox 242 1849 2490 1943; baseline 0.001 -19"><span class='ocrx_word' id='word_1_128' title='bbox 242 1855 491 1938; x_wconf 88' lang='grc' dir='ltr'><strong><em>ζουσιν,</em></strong></span> <span class='ocrx_word' id='word_1_129' title='bbox 539 1849 910 1942; x_wconf 85' lang='grc' dir='ltr'><strong><em>εύδοκιμεῑν</em></strong></span> <span class='ocrx_word' id='word_1_130' title='bbox 955 1853 1156 1937; x_wconf 84' lang='grc' dir='ltr'><strong><em>δόξαν</em></strong></span> <span class='ocrx_word' id='word_1_131' title='bbox 1187 1852 1451 1935; x_wconf 78' lang='grc' dir='ltr'><strong><em>εὐνοίας</em></strong></span> <span class='ocrx_word' id='word_1_132' title='bbox 1479 1858 1997 1943; x_wconf 84' lang='grc' dir='ltr'><strong><em>προσλαβόντες.</em></strong></span> <span class='ocrx_word' id='word_1_133' title='bbox 2072 1862 2131 1925; x_wconf 91' lang='grc'><strong><em>8.</em></strong></span> <span class='ocrx_word' id='word_1_134' title='bbox 2178 1857 2414 1925; x_wconf 64' lang='grc' dir='ltr'><strong><em>ἔπειτα</em></strong></span> <span class='ocrx_word' id='word_1_135' title='bbox 2450 1875 2490 1927; x_wconf 69' lang='grc'>5</span> 
     </span>
     <span class='ocr_line' id='line_1_17' title="bbox 241 1954 2418 2045; baseline -0.001 -20"><span class='ocrx_word' id='word_1_136' title='bbox 241 1958 319 2026; x_wconf 80' lang='grc' dir='ltr'><strong><em>δὲ</em></strong></span> <span class='ocrx_word' id='word_1_137' title='bbox 365 1954 458 2038; x_wconf 82' lang='grc' dir='ltr'><strong><em>ὥς</em></strong></span> <span class='ocrx_word' id='word_1_138' title='bbox 506 1954 736 2037; x_wconf 72' lang='grc' dir='ltr'><strong><em>ἄδικος</em></strong></span> <span class='ocrx_word' id='word_1_139' title='bbox 779 1955 814 2027; x_wconf 85' lang='lat' dir='ltr'><strong><em>o‘</em></strong></span> <span class='ocrx_word' id='word_1_140' title='bbox 860 1962 1169 2038; x_wconf 82' lang='grc' dir='ltr'><strong><em>τοιοῦτος</em></strong></span> <span class='ocrx_word' id='word_1_141' title='bbox 1210 1961 1323 2027; x_wconf 86' lang='grc' dir='ltr'><strong><em>καὶ</em></strong></span> <span class='ocrx_word' id='word_1_142' title='bbox 1381 1956 1778 2045; x_wconf 89' lang='grc' dir='ltr'><strong><em>παράνομός</em></strong></span> <span class='ocrx_word' id='word_1_143' title='bbox 1830 1959 1975 2028; x_wconf 78' lang='grc' dir='ltr'><strong><em>ἐστι</em></strong></span> <span class='ocrx_word' id='word_1_144' title='bbox 2016 1961 2129 2027; x_wconf 89' lang='grc' dir='ltr'><strong><em>καὶ</em></strong></span> <span class='ocrx_word' id='word_1_145' title='bbox 2174 1955 2418 2043; x_wconf 45' lang='grc' dir='ltr'><strong><em>ἀσεβιζς</em></strong></span> 
     </span>
     <span class='ocr_line' id='line_1_18' title="bbox 234 2053 2414 2151; baseline 0 -24"><span class='ocrx_word' id='word_1_146' title='bbox 234 2053 356 2129; x_wconf 81' lang='grc' dir='ltr'><strong><em>καὶ</em></strong></span> <span class='ocrx_word' id='word_1_147' title='bbox 386 2073 531 2139; x_wconf 91' lang='grc' dir='ltr'><strong><em>τοῖς</em></strong></span> <span class='ocrx_word' id='word_1_148' title='bbox 554 2065 927 2148; x_wconf 84' lang='grc' dir='ltr'><strong><em>χρωμένοις</em></strong></span> <span class='ocrx_word' id='word_1_149' title='bbox 957 2059 1327 2150; x_wconf 74' lang='grc' dir='ltr'><strong><em>ἐπιζήμιος,</em></strong></span> <span class='ocrx_word' id='word_1_150' title='bbox 1373 2060 1609 2151; x_wconf 81' lang='grc' dir='ltr'><strong><em>ῥᾴδιον</em></strong></span> <span class='ocrx_word' id='word_1_151' title='bbox 1642 2065 2083 2146; x_wconf 70' lang='grc' dir='ltr'><strong><em>καταμαθεῖν.</em></strong></span> <span class='ocrx_word' id='word_1_152' title='bbox 2158 2067 2262 2139; x_wconf 74' lang='grc' dir='ltr'><strong><em>τίς</em></strong></span> <span class='ocrx_word' id='word_1_153' title='bbox 2294 2063 2414 2147; x_wconf 60' lang='grc' dir='ltr'><strong><em>γὰρ</em></strong></span> 
     </span>
     <span class='ocr_line' id='line_1_19' title="bbox 239 2152 2410 2252; baseline 0 -22"><span class='ocrx_word' id='word_1_154' title='bbox 239 2159 363 2230; x_wconf 84' lang='grc' dir='ltr'><strong><em>ούκ</em></strong></span> <span class='ocrx_word' id='word_1_155' title='bbox 421 2152 503 2231; x_wconf 73' lang='grc' dir='ltr'><strong><em>ἃν</em></strong></span> <span class='ocrx_word' id='word_1_156' title='bbox 562 2160 1000 2251; x_wconf 80' lang='grc' dir='ltr'><strong><em>ὁμολογήσειε</em></strong></span> <span class='ocrx_word' id='word_1_157' title='bbox 1052 2160 1174 2252; x_wconf 86' lang='grc' dir='ltr'><strong><em>τὴν</em></strong></span> <span class='ocrx_word' id='word_1_158' title='bbox 1229 2163 1351 2248; x_wconf 82' lang='grc' dir='ltr'><strong><em>μὲν</em></strong></span> <span class='ocrx_word' id='word_1_159' title='bbox 1406 2162 1687 2251; x_wconf 86' lang='grc' dir='ltr'><strong><em>ἰσότητα</em></strong></span> <span class='ocrx_word' id='word_1_160' title='bbox 1742 2159 1813 2230; x_wconf 78' lang='grc' dir='ltr'><strong><em>ἐν</em></strong></span> <span class='ocrx_word' id='word_1_161' title='bbox 1872 2155 2126 2231; x_wconf 71' lang='grc' dir='ltr'><strong><em>ἅπαντι</em></strong></span> <span class='ocrx_word' id='word_1_162' title='bbox 2168 2167 2278 2231; x_wconf 70' lang='grc' dir='ltr'><strong><em>καὶ</em></strong></span> <span class='ocrx_word' id='word_1_163' title='bbox 2338 2163 2410 2231; x_wconf 65' lang='grc' dir='ltr'><strong><em>τὸ</em></strong></span> 
     </span>
     <span class='ocr_line' id='line_1_20' title="bbox 235 2260 2410 2390; baseline -0.001 -57"><span class='ocrx_word' id='word_1_164' title='bbox 235 2264 452 2355; x_wconf 79' lang='grc' dir='ltr'><strong><em>μηδὲν</em></strong></span> <span class='ocrx_word' id='word_1_165' title='bbox 495 2267 705 2334; x_wconf 79' lang='grc' dir='ltr'><strong><em>πλέον</em></strong></span> <span class='ocrx_word' id='word_1_166' title='bbox 751 2265 1177 2390; x_wconf 83' lang='grc' dir='ltr'><strong><em>δικαιοσύνης</em></strong></span> <span class='ocrx_word' id='word_1_167' title='bbox 1220 2264 1381 2354; x_wconf 71' lang='grc' dir='ltr'><strong><em>ἔργα</em></strong></span> <span class='ocrx_word' id='word_1_168' title='bbox 1426 2263 1623 2349; x_wconf 84' lang='grc' dir='ltr'><strong><em>εἶναι,</em></strong></span> <span class='ocrx_word' id='word_1_169' title='bbox 1669 2264 1746 2333; x_wconf 85' lang='grc' dir='ltr'><strong><em>τὸ</em></strong></span> <span class='ocrx_word' id='word_1_170' title='bbox 1797 2265 1869 2333; x_wconf 84' lang='grc' dir='ltr'><strong><em>δὲ</em></strong></span> <span class='ocrx_word' id='word_1_171' title='bbox 1915 2260 2146 2334; x_wconf 69' lang='grc' dir='ltr'><strong><em>ἄνισόν</em></strong></span> <span class='ocrx_word' id='word_1_172' title='bbox 2188 2291 2262 2333; x_wconf 77' lang='grc' dir='ltr'><strong><em>τε</em></strong></span> <span class='ocrx_word' id='word_1_173' title='bbox 2306 2271 2410 2331; x_wconf 68' lang='lat' dir='ltr'><strong><em>m}</em></strong></span> 
     </span>
     <span class='ocr_line' id='line_1_21' title="bbox 129 2362 2414 2457; baseline -0.001 -25"><span class='ocrx_word' id='word_1_174' title='bbox 129 2381 219 2432; x_wconf 83' lang='lat'><strong><em>135</em></strong></span> <span class='ocrx_word' id='word_1_175' title='bbox 242 2367 717 2437; x_wconf 81' lang='grc' dir='ltr'><strong><em>πλεονεκτικὸν</em></strong></span> <span class='ocrx_word' id='word_1_176' title='bbox 764 2366 1061 2453; x_wconf 88' lang='grc' dir='ltr'><strong><em>ἀδικίας,·</em></strong></span> <span class='ocrx_word' id='word_1_177' title='bbox 1103 2364 1139 2435; x_wconf 84' lang='grc' dir='ltr'>ὅ</span> <span class='ocrx_word' id='word_1_178' title='bbox 1175 2367 1249 2434; x_wconf 81' lang='grc' dir='ltr'><strong><em>δὲ</em></strong></span> <span class='ocrx_word' id='word_1_179' title='bbox 1289 2371 1374 2457; x_wconf 83' lang='grc' dir='ltr'><strong><em>τῇ</em></strong></span> <span class='ocrx_word' id='word_1_180' title='bbox 1404 2368 1691 2457; x_wconf 83' lang='grc' dir='ltr'><strong><em>διαβολῇ</em></strong></span> <span class='ocrx_word' id='word_1_181' title='bbox 1725 2366 1893 2435; x_wconf 81' lang='grc' dir='ltr'><strong><em>κατὰ</em></strong></span> <span class='ocrx_word' id='word_1_182' title='bbox 1921 2371 2057 2435; x_wconf 90' lang='grc' dir='ltr'><strong><em>τῶν</em></strong></span> <span class='ocrx_word' id='word_1_183' title='bbox 2101 2362 2414 2436; x_wconf 70' lang='grc' dir='ltr'><strong><em>ἀπόντων</em></strong></span> 
     </span>
     <span class='ocr_line' id='line_1_22' title="bbox 235 2463 2410 2567; baseline -0.001 -30"><span class='ocrx_word' id='word_1_184' title='bbox 235 2470 474 2558; x_wconf 77' lang='grc' dir='ltr'><strong><em>λάθρᾳ</em></strong></span> <span class='ocrx_word' id='word_1_185' title='bbox 510 2469 854 2557; x_wconf 82' lang='grc' dir='ltr'><strong><em>χρώμενος</em></strong></span> <span class='ocrx_word' id='word_1_186' title='bbox 881 2494 1032 2549; x_wconf 88' lang='grc' dir='ltr'><strong><em>πως</em></strong></span> <span class='ocrx_word' id='word_1_187' title='bbox 1063 2463 1142 2536; x_wconf 82' lang='grc' dir='ltr'><strong><em>οὗ</em></strong></span> <span class='ocrx_word' id='word_1_188' title='bbox 1172 2472 1574 2558; x_wconf 87' lang='grc' dir='ltr'><strong><em>πλεονέκτης</em></strong></span> <span class='ocrx_word' id='word_1_189' title='bbox 1611 2468 1794 2538; x_wconf 75' lang='grc' dir='ltr'><strong><em>ἐστὶν</em></strong></span> <span class='ocrx_word' id='word_1_190' title='bbox 1825 2467 1983 2537; x_wconf 81' lang='grc' dir='ltr'><strong><em>ὅλον</em></strong></span> <span class='ocrx_word' id='word_1_191' title='bbox 2010 2468 2131 2538; x_wconf 84' lang='grc' dir='ltr'><strong><em>τὸν</em></strong></span> <span class='ocrx_word' id='word_1_192' title='bbox 2175 2465 2382 2567; x_wconf 51' lang='grc' dir='ltr'><strong><em>ἀκρρε</em></strong></span> <span class='ocrx_word' id='word_1_193' title='bbox 2362 2503 2410 2531; x_wconf 72' lang='lat'><em>÷</em></span> 
     </span>
     <span class='ocr_line' id='line_1_23' title="bbox 232 2565 2410 2662; baseline -0.002 -22"><span class='ocrx_word' id='word_1_194' title='bbox 232 2572 361 2661; x_wconf 85' lang='grc' dir='ltr'><strong><em>τὴν</em></strong></span> <span class='ocrx_word' id='word_1_195' title='bbox 406 2572 961 2662; x_wconf 85' lang='grc' dir='ltr'><strong><em>σφετεριζόμενος</em></strong></span> <span class='ocrx_word' id='word_1_196' title='bbox 1010 2576 1124 2641; x_wconf 87' lang='grc' dir='ltr'><strong><em>καὶ</em></strong></span> <span class='ocrx_word' id='word_1_197' title='bbox 1179 2570 1850 2658; x_wconf 88' lang='grc' dir='ltr'><strong><em>προκαταλαμβάνων</em></strong></span> <span class='ocrx_word' id='word_1_198' title='bbox 1896 2565 2100 2639; x_wconf 70' lang='grc' dir='ltr'><strong><em>αὐτοῦ</em></strong></span> <span class='ocrx_word' id='word_1_199' title='bbox 2141 2571 2225 2639; x_wconf 82' lang='grc' dir='ltr'><strong><em>τὰ</em></strong></span> <span class='ocrx_word' id='word_1_200' title='bbox 2270 2571 2410 2635; x_wconf 65' lang='lat' dir='ltr'><strong><em>{jue</em></strong></span> 
     </span>
     <span class='ocr_line' id='line_1_24' title="bbox 233 2663 2410 2764; baseline -0.005 -22"><span class='ocrx_word' id='word_1_201' title='bbox 233 2678 352 2743; x_wconf 88' lang='grc' dir='ltr'><strong><em>καὶ</em></strong></span> <span class='ocrx_word' id='word_1_202' title='bbox 398 2668 862 2764; x_wconf 84' lang='grc' dir='ltr'><strong><em>ἀποφράττων</em></strong></span> <span class='ocrx_word' id='word_1_203' title='bbox 917 2675 1029 2742; x_wconf 84' lang='grc' dir='ltr'><strong><em>καὶ</em></strong></span> <span class='ocrx_word' id='word_1_204' title='bbox 1087 2677 1185 2762; x_wconf 75' lang='grc' dir='ltr'><strong><em>τῷ</em></strong></span> <span class='ocrx_word' id='word_1_205' title='bbox 1230 2674 1518 2761; x_wconf 80' lang='grc' dir='ltr'><strong><em>δευτέρῳ</em></strong></span> <span class='ocrx_word' id='word_1_206' title='bbox 1579 2672 1754 2759; x_wconf 82' lang='grc' dir='ltr'><strong><em>λόγῳ</em></strong></span> <span class='ocrx_word' id='word_1_207' title='bbox 1799 2671 2149 2749; x_wconf 84' lang='grc' dir='ltr'><strong><em>παντελῶς</em></strong></span> <span class='ocrx_word' id='word_1_208' title='bbox 2194 2663 2410 2751; x_wconf 61' lang='grc' dir='ltr'><strong><em>ἀβατεε</em></strong></span> 
     </span>
     <span class='ocr_line' id='line_1_25' title="bbox 233 2770 2410 2864; baseline -0.004 -20"><span class='ocrx_word' id='word_1_209' title='bbox 233 2775 748 2858; x_wconf 86' lang='grc' dir='ltr'><strong><em>κατασκευάζων</em></strong></span> <span class='ocrx_word' id='word_1_210' title='bbox 796 2772 966 2843; x_wconf 81' lang='grc' dir='ltr'><strong><em>αυτὰ</em></strong></span> <span class='ocrx_word' id='word_1_211' title='bbox 1012 2770 1149 2842; x_wconf 85' lang='grc' dir='ltr'><strong><em>ὖπὸ</em></strong></span> <span class='ocrx_word' id='word_1_212' title='bbox 1195 2779 1314 2864; x_wconf 81' lang='grc' dir='ltr'><strong><em>τῆς</em></strong></span> <span class='ocrx_word' id='word_1_213' title='bbox 1346 2775 1666 2862; x_wconf 84' lang='grc' dir='ltr'><strong><em>διαβολῆς</em></strong></span> <span class='ocrx_word' id='word_1_214' title='bbox 1709 2773 2410 2862; x_wconf 64' lang='grc' dir='ltr'><strong><em>προεμπεπλησμέως</em></strong></span> 
     </span>
     <span class='ocr_line' id='line_1_26' title="bbox 237 2869 2406 2968; baseline -0.003 -21"><span class='ocrx_word' id='word_1_215' title='bbox 237 2878 521 2968; x_wconf 75' lang='grc' dir='ltr'><strong><em>ἐσχάτης</em></strong></span> <span class='ocrx_word' id='word_1_216' title='bbox 567 2875 833 2956; x_wconf 82' lang='grc' dir='ltr'><strong><em>ἀδικίας</em></strong></span> <span class='ocrx_word' id='word_1_217' title='bbox 874 2875 951 2944; x_wconf 88' lang='grc' dir='ltr'>τό</span> <span class='ocrx_word' id='word_1_218' title='bbox 998 2881 1326 2960; x_wconf 86' lang='grc' dir='ltr'><strong><em>τοιοῦτον,</em></strong></span> <span class='ocrx_word' id='word_1_219' title='bbox 1373 2872 1466 2956; x_wconf 84' lang='grc' dir='ltr'><strong><em>ῶς</em></strong></span> <span class='ocrx_word' id='word_1_220' title='bbox 1503 2890 1705 2966; x_wconf 86' lang='grc' dir='ltr'><strong><em>φαῖεν</em></strong></span> <span class='ocrx_word' id='word_1_221' title='bbox 1751 2903 1832 2942; x_wconf 88' lang='grc' dir='ltr'><strong><em>αν</em></strong></span> <span class='ocrx_word' id='word_1_222' title='bbox 1875 2877 1986 2942; x_wconf 84' lang='grc' dir='ltr'><strong><em>καὶ</em></strong></span> <span class='ocrx_word' id='word_1_223' title='bbox 2034 2874 2101 2942; x_wconf 81' lang='grc' dir='ltr'><strong><em>οἱ</em></strong></span> <span class='ocrx_word' id='word_1_224' title='bbox 2146 2869 2406 2961; x_wconf 64' lang='grc' dir='ltr'><strong><em>ἄριστοι</em></strong></span> 
     </span>
     <span class='ocr_line' id='line_1_27' title="bbox 234 2965 2410 3065; baseline -0.003 -18"><span class='ocrx_word' id='word_1_225' title='bbox 234 2983 375 3048; x_wconf 90' lang='grc' dir='ltr'><strong><em>τῶν</em></strong></span> <span class='ocrx_word' id='word_1_226' title='bbox 434 2984 862 3065; x_wconf 91' lang='grc' dir='ltr'><strong><em>νομοθετῶν,</em></strong></span> <span class='ocrx_word' id='word_1_227' title='bbox 923 2965 1066 3048; x_wconf 88' lang='grc' dir='ltr'><strong><em>οἶον</em></strong></span> <span class='ocrx_word' id='word_1_228' title='bbox 1121 2976 1157 3047; x_wconf 85' lang='lat' dir='ltr'><strong><em>o‘</em></strong></span> <span class='ocrx_word' id='word_1_229' title='bbox 1217 2979 1448 3047; x_wconf 79' lang='grc' dir='ltr'><strong><em>Σόλων</em></strong></span> <span class='ocrx_word' id='word_1_230' title='bbox 1501 2980 1616 3046; x_wconf 88' lang='grc' dir='ltr'><strong><em>καὶ</em></strong></span> <span class='ocrx_word' id='word_1_231' title='bbox 1670 2974 1706 3046; x_wconf 84' lang='lat' dir='ltr'><strong><em>o‘</em></strong></span> <span class='ocrx_word' id='word_1_232' title='bbox 1765 2977 2085 3063; x_wconf 88' lang='grc' dir='ltr'><strong><em>Δράκων,</em></strong></span> <span class='ocrx_word' id='word_1_233' title='bbox 2144 2975 2410 3060; x_wconf 63' lang='grc' dir='ltr'><strong><em>ἔνορκοι·</em></strong></span> 
     </span>
     <span class='ocr_line' id='line_1_28' title="bbox 233 3072 2406 3172; baseline -0.002 -23"><span class='ocrx_word' id='word_1_234' title='bbox 233 3082 694 3172; x_wconf 89' lang='grc' dir='ltr'><strong><em>ποιησάμενοι</em></strong></span> <span class='ocrx_word' id='word_1_235' title='bbox 740 3095 887 3161; x_wconf 88' lang='grc' dir='ltr'><strong><em>τοῖς</em></strong></span> <span class='ocrx_word' id='word_1_236' title='bbox 916 3081 1266 3161; x_wconf 88' lang='grc' dir='ltr'><strong><em>δικασταῖς</em></strong></span> <span class='ocrx_word' id='word_1_237' title='bbox 1306 3079 1383 3148; x_wconf 85' lang='grc' dir='ltr'><strong><em>τὸ</em></strong></span> <span class='ocrx_word' id='word_1_238' title='bbox 1423 3076 1679 3166; x_wconf 77' lang='grc' dir='ltr'><strong><em>ὁμοίαις</em></strong></span> <span class='ocrx_word' id='word_1_239' title='bbox 1724 3074 1981 3169; x_wconf 89' lang='grc' dir='ltr'><strong><em>ἀμφοῖν</em></strong></span> <span class='ocrx_word' id='word_1_240' title='bbox 2027 3072 2406 3164; x_wconf 64' lang='grc' dir='ltr'><strong><em>ἀκροᾶσθαι</em></strong></span> 
     </span>
     <span class='ocr_line' id='line_1_29' title="bbox 231 3177 2406 3274; baseline -0.004 -22"><span class='ocrx_word' id='word_1_241' title='bbox 231 3187 349 3254; x_wconf 87' lang='grc' dir='ltr'><strong><em>καὶ</em></strong></span> <span class='ocrx_word' id='word_1_242' title='bbox 391 3182 472 3252; x_wconf 83' lang='grc' dir='ltr'><strong><em>τὸ</em></strong></span> <span class='ocrx_word' id='word_1_243' title='bbox 519 3183 645 3274; x_wconf 66' lang='grc' dir='ltr'><strong><em>τὴν</em></strong></span> <span class='ocrx_word' id='word_1_244' title='bbox 690 3179 953 3252; x_wconf 78' lang='grc' dir='ltr'><strong><em>εὔνοιαν</em></strong></span> <span class='ocrx_word' id='word_1_245' title='bbox 997 3183 1152 3272; x_wconf 82' lang='grc' dir='ltr'><strong><em>ἰ’σην</em></strong></span> <span class='ocrx_word' id='word_1_246' title='bbox 1195 3196 1341 3262; x_wconf 90' lang='grc' dir='ltr'><strong><em>τοῖς</em></strong></span> <span class='ocrx_word' id='word_1_247' title='bbox 1371 3187 1781 3269; x_wconf 84' lang='grc' dir='ltr'><strong><em>κρινομένοις</em></strong></span> <span class='ocrx_word' id='word_1_248' title='bbox 1827 3177 2212 3266; x_wconf 85' lang='grc' dir='ltr'><strong><em>ἀπονέμειν,</em></strong></span> <span class='ocrx_word' id='word_1_249' title='bbox 2262 3208 2406 3264; x_wconf 64' lang='grc' dir='ltr'><strong><em>ηχρι</em></strong></span> 
     </span>
     <span class='ocr_line' id='line_1_30' title="bbox 233 3272 2410 3406; baseline -0.004 -53"><span class='ocrx_word' id='word_1_250' title='bbox 233 3314 318 3355; x_wconf 91' lang='grc' dir='ltr'><strong><em>αν</em></strong></span> <span class='ocrx_word' id='word_1_251' title='bbox 379 3283 417 3354; x_wconf 87' lang='lat' dir='ltr'><strong><em>o‘</em></strong></span> <span class='ocrx_word' id='word_1_252' title='bbox 477 3289 600 3355; x_wconf 83' lang='grc' dir='ltr'><strong><em>τοῦ</em></strong></span> <span class='ocrx_word' id='word_1_253' title='bbox 654 3287 964 3374; x_wconf 87' lang='grc' dir='ltr'><strong><em>δευτέρου</em></strong></span> <span class='ocrx_word' id='word_1_254' title='bbox 1023 3285 1219 3372; x_wconf 87' lang='grc' dir='ltr'><strong><em>λόγος</em></strong></span> <span class='ocrx_word' id='word_1_255' title='bbox 1262 3286 1684 3372; x_wconf 83' lang='grc' dir='ltr'><strong><em>παρατεθεὶς</em></strong></span> <span class='ocrx_word' id='word_1_256' title='bbox 1735 3288 2032 3406; x_wconf 79' lang='grc' dir='ltr'><strong><em>θατέρου</em></strong></span> <span class='ocrx_word' id='word_1_257' title='bbox 2082 3286 2322 3368; x_wconf 68' lang='grc' dir='ltr'><strong><em>χείρωι</em></strong></span> <span class='ocrx_word' id='word_1_258' title='bbox 2370 3272 2410 3364; x_wconf 52' lang='grc' dir='ltr'><em>ἢ</em></span> 
     </span>
     <span class='ocr_line' id='line_1_31' title="bbox 133 3377 2410 3478; baseline -0.003 -26"><span class='ocrx_word' id='word_1_259' title='bbox 133 3401 218 3453; x_wconf 77' lang='grc'><strong><em>136</em></strong></span> <span class='ocrx_word' id='word_1_260' title='bbox 241 3381 539 3475; x_wconf 88' lang='grc' dir='ltr'><strong><em>ἀμείνων</em></strong></span> <span class='ocrx_word' id='word_1_261' title='bbox 598 3393 811 3478; x_wconf 84' lang='grc' dir='ltr'><strong><em>φανῇ·</em></strong></span> <span class='ocrx_word' id='word_1_262' title='bbox 878 3389 1044 3472; x_wconf 84' lang='grc' dir='ltr'><strong><em>πρὶν</em></strong></span> <span class='ocrx_word' id='word_1_263' title='bbox 1100 3387 1174 3453; x_wconf 89' lang='grc' dir='ltr'><strong><em>δέ</em></strong></span> <span class='ocrx_word' id='word_1_264' title='bbox 1236 3411 1312 3474; x_wconf 97' lang='grc' dir='ltr'><strong><em>γε</em></strong></span> <span class='ocrx_word' id='word_1_265' title='bbox 1377 3380 1810 3465; x_wconf 84' lang='grc' dir='ltr'><strong><em>ἀντεξετάσαι</em></strong></span> <span class='ocrx_word' id='word_1_266' title='bbox 1862 3383 1984 3473; x_wconf 86' lang='grc' dir='ltr'><strong><em>τὴν</em></strong></span> <span class='ocrx_word' id='word_1_267' title='bbox 2037 3377 2410 3468; x_wconf 65' lang='grc' dir='ltr'><strong><em>ἀπολογίαν</em></strong></span> 
     </span>
     <span class='ocr_line' id='line_1_32' title="bbox 229 3480 2406 3582; baseline -0.005 -24"><span class='ocrx_word' id='word_1_268' title='bbox 229 3494 317 3582; x_wconf 82' lang='grc' dir='ltr'><strong><em>τῇ</em></strong></span> <span class='ocrx_word' id='word_1_269' title='bbox 380 3495 779 3580; x_wconf 77' lang='grc' dir='ltr'><strong><em>κατηγορίᾳ,</em></strong></span> <span class='ocrx_word' id='word_1_270' title='bbox 856 3490 1204 3568; x_wconf 82' lang='grc' dir='ltr'><strong><em>παντελῶς</em></strong></span> <span class='ocrx_word' id='word_1_271' title='bbox 1278 3482 1487 3576; x_wconf 84' lang='grc' dir='ltr'><strong><em>ἀσεβῆ</em></strong></span> <span class='ocrx_word' id='word_1_272' title='bbox 1557 3490 1669 3555; x_wconf 83' lang='grc' dir='ltr'><strong><em>καὶ</em></strong></span> <span class='ocrx_word' id='word_1_273' title='bbox 1738 3483 2012 3555; x_wconf 90' lang='grc' dir='ltr'><strong><em>ἀνόσιον</em></strong></span> <span class='ocrx_word' id='word_1_274' title='bbox 2076 3480 2406 3572; x_wconf 61' lang='grc' dir='ltr'><strong><em>ἡγήσαιτο</em></strong></span> 
     </span>
     <span class='ocr_line' id='line_1_33' title="bbox 230 3581 2406 3683; baseline -0.005 -22"><span class='ocrx_word' id='word_1_275' title='bbox 230 3593 525 3663; x_wconf 87' lang='grc' dir='ltr'><strong><em>ε’σεσθαι</em></strong></span> <span class='ocrx_word' id='word_1_276' title='bbox 566 3591 689 3683; x_wconf 87' lang='grc' dir='ltr'><strong><em>τὴν</em></strong></span> <span class='ocrx_word' id='word_1_277' title='bbox 733 3598 970 3678; x_wconf 90' lang='grc' dir='ltr'><strong><em>κρίσιν.</em></strong></span> <span class='ocrx_word' id='word_1_278' title='bbox 1056 3593 1168 3659; x_wconf 86' lang='grc' dir='ltr'><strong><em>καὶ</em></strong></span> <span class='ocrx_word' id='word_1_279' title='bbox 1213 3590 1338 3677; x_wconf 80' lang='grc' dir='ltr'><strong><em>γὰρ</em></strong></span> <span class='ocrx_word' id='word_1_280' title='bbox 1385 3581 1466 3660; x_wconf 74' lang='grc' dir='ltr'><strong><em>ἀν</em></strong></span> <span class='ocrx_word' id='word_1_281' title='bbox 1512 3593 1626 3658; x_wconf 84' lang='grc' dir='ltr'><strong><em>καὶ</em></strong></span> <span class='ocrx_word' id='word_1_282' title='bbox 1672 3581 1912 3666; x_wconf 77' lang='grc' dir='ltr'><strong><em>αὖτοὺς</em></strong></span> <span class='ocrx_word' id='word_1_283' title='bbox 1956 3581 2406 3676; x_wconf 68' lang='lat' dir='ltr'><strong><em>5yavautrffm</em></strong></span> 
     </span>
     <span class='ocr_line' id='line_1_34' title="bbox 227 3687 2406 3781; baseline -0.006 -18"><span class='ocrx_word' id='word_1_284' title='bbox 227 3695 388 3775; x_wconf 84' lang='grc' dir='ltr'><strong><em>τοὺς</em></strong></span> <span class='ocrx_word' id='word_1_285' title='bbox 431 3694 645 3774; x_wconf 82' lang='grc' dir='ltr'><strong><em>θεοὺς</em></strong></span> <span class='ocrx_word' id='word_1_286' title='bbox 676 3694 1007 3779; x_wconf 75' lang='grc' dir='ltr'><strong><em>ε’ίποιμεν,</em></strong></span> <span class='ocrx_word' id='word_1_287' title='bbox 1056 3693 1116 3761; x_wconf 80' lang='grc' dir='ltr'><strong><em>εἰ</em></strong></span> <span class='ocrx_word' id='word_1_288' title='bbox 1149 3696 1248 3780; x_wconf 73' lang='grc' dir='ltr'><strong><em>τῷ</em></strong></span> <span class='ocrx_word' id='word_1_289' title='bbox 1289 3692 1636 3781; x_wconf 81' lang='grc' dir='ltr'><strong><em>κατηγόρῳ</em></strong></span> <span class='ocrx_word' id='word_1_290' title='bbox 1664 3688 1812 3776; x_wconf 82' lang='grc' dir='ltr'><strong><em>μετ’</em></strong></span> <span class='ocrx_word' id='word_1_291' title='bbox 1863 3687 2156 3767; x_wconf 87' lang='grc' dir='ltr'><strong><em>α’δείας</em></strong></span> <span class='ocrx_word' id='word_1_292' title='bbox 2127 3687 2170 3755; x_wconf 85' lang='lat'><strong><em>5</em></strong></span> <span class='ocrx_word' id='word_1_293' title='bbox 2212 3692 2342 3752; x_wconf 54' lang='grc' dir='ltr'><strong><em>θέλ</em></strong></span> <span class='ocrx_word' id='word_1_294' title='bbox 2350 3712 2406 3753; x_wconf 64' lang='grc' dir='ltr'><strong><em>ει</em></strong></span> 
     </span>
     <span class='ocr_line' id='line_1_35' title="bbox 230 3791 2406 3918; baseline -0.006 -54"><span class='ocrx_word' id='word_1_295' title='bbox 230 3800 447 3918; x_wconf 86' lang='grc' dir='ltr'><strong><em>λέγειν</em></strong></span> <span class='ocrx_word' id='word_1_296' title='bbox 493 3795 1001 3884; x_wconf 73' lang='grc' dir='ltr'><strong><em>ἐπιτρέποιμεν,</em></strong></span> <span class='ocrx_word' id='word_1_297' title='bbox 1048 3791 1576 3881; x_wconf 76' lang='grc' dir='ltr'><strong><em>ἀποφράξαντες,</em></strong></span> <span class='ocrx_word' id='word_1_298' title='bbox 1604 3793 1676 3860; x_wconf 79' lang='grc' dir='ltr'><strong><em>δὲ</em></strong></span> <span class='ocrx_word' id='word_1_299' title='bbox 1720 3794 1817 3878; x_wconf 75' lang='grc' dir='ltr'><strong><em>τῷ</em></strong></span> <span class='ocrx_word' id='word_1_300' title='bbox 1860 3796 2406 3880; x_wconf 64' lang='grc' dir='ltr'><strong><em>κατηγορουμέπι</em></strong></span> 
     </span>
     <span class='ocr_line' id='line_1_36' title="bbox 226 3885 2406 3989; baseline -0.004 -24"><span class='ocrx_word' id='word_1_301' title='bbox 226 3899 312 3967; x_wconf 84' lang='grc' dir='ltr'><strong><em>τὰ</em></strong></span> <span class='ocrx_word' id='word_1_302' title='bbox 358 3885 502 3966; x_wconf 82' lang='grc' dir='ltr'><strong><em>ῶτα</em></strong></span> <span class='ocrx_word' id='word_1_303' title='bbox 545 3888 589 3989; x_wconf 81' lang='grc' dir='ltr'><em>ἢ</em></span> <span class='ocrx_word' id='word_1_304' title='bbox 630 3896 710 3966; x_wconf 83' lang='grc' dir='ltr'><strong><em>τὸ</em></strong></span> <span class='ocrx_word' id='word_1_305' title='bbox 747 3896 965 3982; x_wconf 91' lang='grc' dir='ltr'><strong><em>στόμα</em></strong></span> <span class='ocrx_word' id='word_1_306' title='bbox 997 3898 1393 3975; x_wconf 88' lang='grc' dir='ltr'><strong><em>σιωπῶντος</em></strong></span> <span class='ocrx_word' id='word_1_307' title='bbox 1427 3892 2079 3982; x_wconf 78' lang='grc' dir='ltr'><strong><em>καταψηφιζοίμεθα</em></strong></span> <span class='ocrx_word' id='word_1_308' title='bbox 2108 3894 2205 3978; x_wconf 77' lang='grc' dir='ltr'><strong><em>τῷ</em></strong></span> <span class='ocrx_word' id='word_1_309' title='bbox 2234 3916 2406 3972; x_wconf 63' lang='grc' dir='ltr'><strong><em>προ-</em></strong></span> 
     </span>
     <span class='ocr_line' id='line_1_37' title="bbox 226 3990 2402 4089; baseline -0.006 -20"><span class='ocrx_word' id='word_1_310' title='bbox 226 4006 400 4089; x_wconf 83' lang='grc' dir='ltr'><strong><em>τέρῳ</em></strong></span> <span class='ocrx_word' id='word_1_311' title='bbox 447 3998 628 4089; x_wconf 82' lang='grc' dir='ltr'><strong><em>λόγῳ</em></strong></span> <span class='ocrx_word' id='word_1_312' title='bbox 657 4003 1145 4086; x_wconf 86' lang='grc' dir='ltr'><strong><em>κεχειρωμένοι.</em></strong></span> <span class='ocrx_word' id='word_1_313' title='bbox 1220 4019 1395 4064; x_wconf 90' lang='grc' dir='ltr'><strong><em>ωστε</em></strong></span> <span class='ocrx_word' id='word_1_314' title='bbox 1424 3990 1502 4063; x_wconf 81' lang='grc' dir='ltr'><strong><em>οὗ</em></strong></span> <span class='ocrx_word' id='word_1_315' title='bbox 1547 3994 1714 4063; x_wconf 82' lang='grc' dir='ltr'><strong><em>κατὰ</em></strong></span> <span class='ocrx_word' id='word_1_316' title='bbox 1755 3993 1832 4063; x_wconf 85' lang='grc' dir='ltr'><strong><em>τὸ</em></strong></span> <span class='ocrx_word' id='word_1_317' title='bbox 1882 3996 2142 4063; x_wconf 88' lang='grc' dir='ltr'><strong><em>δίκαιον</em></strong></span> <span class='ocrx_word' id='word_1_318' title='bbox 2184 3996 2290 4058; x_wconf 67' lang='grc' dir='ltr'><strong><em>καὶ</em></strong></span> <span class='ocrx_word' id='word_1_319' title='bbox 2326 3992 2402 4056; x_wconf 61' lang='grc' dir='ltr'><strong><em>τὸ</em></strong></span> 
     </span>
    </p>
   </div>
  </div>
 </body>
</html>
