2867 4525
1050 277 1203 331 ΠΕΡΙ
1236 278 1618 331 ΠΑΡΑΣΙΤΟΥ.
2337 277 2416 335 37

145 436 440 525 Βδθῧλως
483 443 856 535 ἐτόλμησαν
897 446 1134 534 μικρὸν
1180 448 1308 528 ἔξω
1351 450 1759 537 παρακῦψαι
1802 450 1937 514 τῶν
1968 447 2219 528 πυλῶν,
2267 443 2417 513 ἀλλ’

257 545 642 629 ἐντειχίδιοι
684 548 1014 637 ἐκάθηντο
1045 544 1210 637 παρ’
1250 545 1480 630 αὖτοῖς
1507 546 1554 638 ἤ
1558 550 1637 638 δη
1668 549 2221 634 πολιορκούμενοι
2250 573 2419 636 γνω-

257 650 459 730 μίδια
502 654 615 718 καὶ
649 651 1236 739 προβουλευμάτια
1268 657 1714 731 συντιθέντες.
1771 647 1807 719 5
1843 652 1915 718 δὲ
1946 652 2025 740 δὴ
2056 651 2422 740 κορυφαιό-

258 777 466 832 τατος
497 752 734 836 αὐτῶν,
766 748 801 820 5
827 755 1019 820 ταυτὶ
1048 754 1253 840 λέγων
1278 753 1346 820 ἐν
1366 768 1519 832 ταῖς
1542 752 1918 844 ἐκκλησίαις
1940 757 2285 836 συνεχῶς,,
2293 759 2422 819 Φί-

262 856 528 933 λιππος
566 854 691 944 γάρ
723 850 758 922 5
783 854 1122 922 Μακεδὼν
1153 850 1460 943 ὄλεθρος,
1506 849 1673 924 όθεν
1705 851 1846 924 ουδ’
1885 883 1965 923 αν
1997 850 2424 940 ἆνδράποδον
2487 922 2496 929 .

260 956 548 1039 πρίαιτό
593 964 696 1035 τίς
744 982 931 1033 ποτε,
938 962 979 991 “
1021 957 1364 1044 τολμήσας
1406 961 1777 1049 προελθεῖν
1822 958 1891 1038 ἐς
1932 958 2052 1048 τὴν
2082 966 2425 1027 Βοιωτίαν

263 1061 432 1142 πρὶν
479 1048 521 1146 ἢ
566 1059 890 1144 συμμῖξαι
931 1058 1016 1126 τὰ
1064 1060 1494 1147 στρατόπεδα
1535 1065 1649 1129 καὶ
1693 1063 2057 1146 συμβαλεῖν
2088 1062 2155 1141 ἐς
2176 1075 2423 1149 χεῖρας,

265 1163 484 1249 ῥίψας
513 1160 634 1250 τὴν
667 1155 983 1229 ἆσπίδα’
962 1161 1221 1250 ε’φυγεν.
1265 1152 1310 1248 ἢ
1340 1157 1611 1230 ούδέπω
1640 1168 1852 1231 ταῦτα
1881 1163 2211 1253 πρότερον
2230 1161 2426 1252 ἤκου-

267 1288 397 1343 σας
454 1257 726 1343 οὐδενὸς
783 1265 960 1331 πάνυ
1020 1263 1323 1353 γνώριμα
1381 1261 1546 1334 ὄντα
1603 1260 1718 1351 οὐχ
1770 1266 1961 1346 ὅπως
2003 1262 2425 1387 Ἀθηναίοις,

267 1360 442 1433 ἀλλὰ
496 1366 708 1455 Θρᾳξὶ
753 1369 863 1434 καὶ
910 1366 1230 1448 Σκύθαις,
1276 1361 1446 1437 οθεν
1491 1366 1699 1438 ἐκεῖνο
1745 1369 1823 1437 τὸ
1870 1370 2196 1458 κάθαρμα
2239 1355 2352 1458 ἦν,·

444 1475 545 1538 43
598 1476 804 1538 ΤΥΧ.
853 1465 1256 1554 Ἐπίσταμαι
1306 1474 1547 1537 ταῦτα·
1602 1465 1748 1538 ἀλλ’
1814 1468 2002 1540 οὗτοι
2057 1472 2179 1557 μὲν
2223 1471 2421 1559 ῥήτο-
2457 1474 2533 1532 48

267 1596 382 1658 ρες
425 1573 538 1638 καὶ
586 1571 821 1658 λόγους
866 1575 1078 1659 λέγειν
1108 1567 1483 1662 ἠσκηκότες,
1534 1568 1773 1661 ἀρετὴν
1806 1575 1878 1642 δὲ
1911 1572 2008 1642 ου’.
2067 1580 2138 1641 τί
2168 1573 2240 1639 δὲ
2271 1573 2429 1656 περὶ

166 1677 411 1741 867τῶν
466 1673 866 1762 φιλοσόφων
918 1676 1160 1761 λέγεις,·
1217 1677 1294 1741 οὐ
1344 1674 1471 1761 γὰρ
1531 1675 1607 1762 δὴ
1663 1676 1939 1753 τούτους
1991 1675 2158 1758 ἔχεις
2202 1672 2431 1758 ὥσπερ

272 1775 568 1854 ἐκείνους
611 1774 998 1843 αἰτιᾶσθαι.

447 1881 669 1945 ΠΛΡ.
732 1872 938 1946 Οὗτοι
994 1879 1236 1957 πάλιν,
1296 1865 1352 1945 ὦ
1405 1879 1731 1970 Τυχιάδη,
1789 1881 1856 1948 οἱ
1901 1881 2066 1966 περὶ
2124 1873 2434 1964 ἀνδρείας

273 1978 606 2070 ὁσημέραι
663 1980 1124 2066 διαλεγόμενοι
1176 1982 1285 2048 καὶ
1341 1987 1853 2069 κατατρίβοντες
1903 1981 1980 2049 τὸ
2035 1985 2154 2070 τῆς
2198 1974 2438 2067 ἀρετῆς

276 2079 493 2165 ὄνομα
546 2083 781 2169 πολλῷ
830 2084 1088 2168 μᾶλλον
1131 2086 1266 2150 τῶν
1311 2084 1611 2172 ῥητόρων
1657 2088 2028 2173 φανοῦνται
2071 2082 2440 2164 δειλότεροι

278 2189 395 2252 καὶ
424 2183 909 2271 μαλακώτεροι.
986 2179 1224 2253 σκόπει
1256 2185 1328 2252 δὲ
1358 2210 1590 2265 ουτως.
1657 2190 1926 2277 πρῶτον
1954 2187 2078 2273 μὲν
2110 2178 2225 2252 οὐκ
2256 2184 2437 2252 ἔστιν

280 2289 472 2367 ὅστις
527 2289 746 2356 εἰπεῖν
806 2289 946 2372 ἔχοι
1002 2288 1387 2378 φιλόσοφον
1446 2288 1515 2355 ἐν
1573 2292 1851 2377 πολέμῳ
1907 2289 2437 2377 τετελευτηκότα.

281 2388 434 2478 ἤτοι
477 2388 603 2478 γὰρ
649 2385 803 2458 ουδὲ
847 2382 1022 2469 ὅλως
1067 2389 1619 2477 ἐστρατεύσαντο,
1665 2382 1707 2482 ἢ
1753 2391 1947 2478 ε’ίπερ
1993 2387 2144 2475 ἄρα,
2192 2390 2442 2468 πάντες

284 2494 552 2582 ε’φυγον.
630 2486 1068 2581 Ἀντισθένης
1121 2494 1244 2577 μὲν
1300 2518 1415 2560 ουν
1466 2496 1576 2561 καὶ
1629 2498 1957 2582 Διογένης
2007 2497 2117 2562 καὶ
2171 2493 2443 2580 Κράτης

280 2596 396 2661 καὶ
440 2592 676 2683 Ζήνων
717 2597 829 2663 καὶ
859 2595 1151 2661 Πλάτων
1179 2598 1292 2662 καὶ
1319 2595 1655 2685 Αἰσχίνης
1688 2599 1801 2662 καὶ
1822 2590 2288 2683 Ἀριστοτέλης
2331 2597 2443 2661 καὶ

281 2699 425 2774 πᾶς
463 2691 657 2774 ουτος
699 2691 734 2763 5
783 2695 1020 2781 ὅμιλος
1063 2691 1217 2764 οὐδὲ
1261 2693 1442 2765 εἶδον
1486 2691 1895 2785 παράταξιν·
1940 2696 2144 2781 μόνος
2185 2695 2256 2761 δὲ
2286 2696 2442 2760 τολ-

280 2793 504 2886 μήσας
548 2796 849 2877 ἐξελθεῖν
894 2796 962 2877 ἐς
1004 2797 1125 2884 τὴν
1170 2797 1289 2867 ἐπὶ
1309 2800 1567 2924 Δηλίῳ
1611 2798 1825 2887 μάχην
1868 2794 1904 2865 5
1962 2795 2179 2887 σοφὸς
2224 2791 2443 2863 αὐτῶν

176 2899 644 2990 868Σωκράτης
687 2900 950 2989 φεύγων
993 2898 1331 2969 ἐκεῖθεν’
1293 2901 1432 2970 απὸ
1465 2905 1584 2991 τῆς
1611 2902 1984 2990 Πάρνηθος
2014 2899 2082 2978 ἐς
2108 2897 2230 2986 τὴν
2266 2907 2444 2965 Ταυ-

282 3010 441 3089 ρέου
505 3005 932 3087 παλαίστραν
982 3008 1341 3092 κατέφυγε·
1399 3002 1576 3070 πολὺ
1619 3002 1747 3091 γὰρ
1792 2997 1976 3090 αυτῷ
2021 2995 2446 3084 αστειότερον

284 3101 505 3174 ἐδόκει
555 3104 724 3189 μετὰ
767 3131 903 3171 των
945 3106 1430 3191 μειρακυλλίων
1481 3104 1933 3190 καθεζόμενον
1991 3098 2283 3193 ὀαρίζειν
2334 3105 2446 3170 καὶ

284 3207 714 3330 σοφισμάτια
757 3206 1169 3294 προβάλλειν
1210 3222 1356 3286 τοῖς
1384 3197 1957 3295 ἐντύγχάνουσιν”
1915 3233 1955 3295 η
1990 3199 2182 3295 άνδρὶ
2214 3214 2446 3291 Σπαρ-

281 3311 481 3397 τιάτῃ
526 3308 890 3394 μάχεσθαι.

466 3418 675 3479 ΤΥΧ.
720 3396 796 3479 Ω
845 3424 1134 3497 γενναῖε,
1201 3415 1416 3479 ταῦτα
1466 3413 1587 3497 μὲν
1643 3404 1765 3501 ἤδη
1830 3413 1941 3478 καὶ
1998 3405 2168 3495 παρ’
2229 3405 2448 3476 ἄλλων

283 3514 676 3603 ἐπυθόμην,
745 3507 821 3581 οὗ
872 3511 968 3598 μὰ
1021 3518 1165 3581 Δία
1217 3514 1552 3583 σκώπτειν
1617 3508 1859 3593 αυτοὺς
1921 3515 2035 3581 καὶ
2101 3505 2449 3591 ὀνειδίζειν

281 3619 740 3702 βουλομένων·
806 3638 982 3682 ωστε
1048 3609 1240 3683 ουδέν
1303 3622 1375 3684 τί
1437 3642 1558 3702 μοι
1625 3616 1841 3694 δοκεῖς
1887 3612 2316 3702 χαριζόμενος
2366 3615 2451 3703 τῇ

284 3721 575 3788 σεαυτοῦ
625 3723 815 3808 τέχνῃ
866 3717 1424 3803 καταψεύδεσθαι
1478 3722 1610 3786 τῶν
1664 3712 1943 3802 ἀνδρῶν.
2033 3723 2138 3785 44.
2185 3708 2334 3782 ἀλλ’
2383 3715 2443 3782 εἰ
2479 3723 2555 3777 44

285 3824 471 3890 δοκεῖ
520 3815 676 3911 ἤδη,
733 3825 898 3909 φέρε
948 3822 1061 3887 καὶ
1115 3818 1195 3887 σὺ
1248 3819 1368 3888 τὸν
1410 3819 1791 3907 παράσιτον
1837 3814 2080 3897 ὁποῖός
2121 3822 2228 3896 τίς
2271 3815 2452 3884 ἐστιν

285 3926 357 3992 ἐν
401 3925 683 4011 πολέμῳ
730 3925 895 4009 λέγε,
940 3923 1053 3988 καὶ
1100 3921 1161 3988 εἰ
1206 3920 1379 4000 δ’λως
1426 3922 1688 4008 λέγεται
1731 3921 2114 4009 παράσιτός
2139 3942 2244 3996 τις
2271 3918 2452 4004 γενέ-

288 4033 467 4095 σθαι
508 4028 644 4093 τῶν
688 4027 1034 4109 παλαιῶνς
