2867 4525
1022 297 1176 352 ΠΕΡΙ
1209 296 1339 352 ΤΟΥ
1372 295 1583 351 olxor.
2272 301 2395 360 153

224 469 473 548 λεσθε,
540 465 844 554 μάρτυρα
904 463 1063 552 ὑμῖν
1135 464 1660 555 παρασχήσομαι
1734 469 1951 557 σοφὸν
2014 465 2248 556 ἄνδρα,
2319 472 2397 552 ὃς

224 566 471 637 αὗτίκα
512 593 634 652 μοι
675 567 1087 656 μαρτυρήσει
1137 563 1232 647 ὥς
1284 567 1463 635 πολὺ
1509 564 2031 657 ἐπικρατέστερά
2076 572 2221 641 ἐστι
2261 577 2396 643 τῶν

227 665 654 756 ἀκουομένων
695 670 779 737 τὰ
827 665 1160 756 ὁρώμενα.
1241 675 1358 738 καί
1397 696 1520 756 μοι
1566 669 1648 739 σὺ
1691 666 1817 760 ἤδη
1863 666 1903 739 ὅ
1945 673 2149 761 κῆρυξ
2187 700 2398 761 προς-

223 772 418 840 κάλει
481 765 685 840 αὑτὸν
731 768 1094 858 Ἡρόδοτον
1146 771 1383 851 Λύξου
1440 768 2043 860 Ἁλικαρνασόθεν·
2104 771 2391 865 κάπειδὴ

102 892 201 943 202
222 876 449 954 καλῶς
501 876 724 942 ποιῶν
774 868 1144 963 ὑπήκουσε,
1198 880 1622 962 μαρτυρείτω
1677 875 2067 963 παρελθών.
2163 874 2398 947 ἀναδέ-

225 977 449 1058 ξασθε
504 977 579 1045 δὲ
637 968 841 1046 αὑτὸν
874 971 1081 1045 Ἰαστὶ
1136 976 1314 1062 πρὸς
1366 972 1541 1062 ὑμᾶς
1594 978 1869 1064 λέγοντα
1923 970 2156 1066 ὥσπερ
2214 976 2396 1068 αύτῷ

223 1078 417 1159 εθος.
494 1071 802 1167 Ἀληθέα
842 1078 1004 1147 τάδε
1047 1076 1083 1148 ὑ
1132 1079 1326 1167 λόγος
1368 1076 1556 1164 ὑμῖν,
1603 1074 1840 1164 ανδρες
1883 1080 2223 1164 δικασταί,
2266 1107 2393 1166 μυ-

222 1185 473 1248 θέεται
514 1186 628 1248 καί
674 1181 742 1248 οἱ
784 1186 1131 1250 πείθεσθε
1179 1206 1312 1251 οσα
1358 1208 1439 1249 αν
1494 1182 1646 1270 λέγῃ
1690 1185 1980 1249 τουτέων
2022 1187 2183 1268 πέρι
2222 1178 2394 1266 οψιν

224 1276 433 1369 ἀκοῆς
486 1286 907 1367 προτιμέων·
970 1309 1115 1351 ωτα
1168 1284 1294 1371 γὰρ
1358 1283 1661 1371 τυγχάνει
1725 1281 1923 1351 ἐόντα
1980 1280 2395 1370 ἀπιστότερα

223 1379 627 1475 οφθαλμῶν.
708 1378 983 1453 ἀκούετε
1023 1389 1146 1453 τοῦ
1171 1383 1508 1474 μάρτυρος
1543 1414 1586 1453 α
1618 1407 1845 1474 φησιν,
1891 1379 1983 1464 ὥς
2024 1385 2110 1454 τὰ
2154 1390 2393 1472 πρῶτα

222 1491 313 1578 τῇ
342 1483 511 1573 ὄψει
539 1481 998 1570 ἀποδέδωκεν,
986 1516 1003 1533 ·
1031 1487 1322 1567 εἰκότως.
1396 1488 1479 1556 τὰ
1511 1487 1633 1573 μὲν
1666 1486 1797 1574 γὰρ
1825 1486 1998 1555 ε’πεα
2026 1487 2393 1575 πτερόεντά

226 1588 375 1658 ἔστι
428 1593 541 1657 καὶ
600 1589 854 1673 οἴχεται
910 1589 1052 1675 ἅμα
1105 1593 1204 1677 τῷ
1245 1591 1615 1676 προελθεῖν
1673 1583 2161 1672 ἀποπτάμενα,
2215 1584 2256 1678 ἦ
2321 1589 2393 1656 δὲ

222 1695 363 1759 τῶν
416 1687 772 1778 ὁρωμένων
827 1694 1070 1778 τέρψις
1126 1685 1232 1760 ἀεὶ
1288 1693 1700 1777 παρεστῶσα
1739 1692 1852 1759 καὶ
1867 1693 2394 1810 παραμένουσα

225 1791 503 1872 πάντως
551 1791 669 1860 τὸν
723 1792 979 1883 θεατὴν
1023 1788 1372 1881 ὑπάγεται.
1460 1798 1564 1861 21.
1623 1794 1770 1872 πῶς
1813 1774 1930 1861 ούν
1975 1786 2051 1860 ού
2091 1791 2389 1876 χαλεπὸς
2422 1803 2499 1859 21

222 1897 325 1982 τῷ
382 1895 644 1981 λέγοντι
708 1888 1204 1986 ἀνταγωνιστὴς
1266 1891 1449 1974 οἶκος
1512 1893 1690 1962 οιτω
1752 1893 1952 1973 καλὸς
2015 1896 2129 1962 καὶ
2194 1900 2390 1982 περί-

221 1998 520 2082 βλεπτος
562 2022 689 2080 ωνς
728 1997 986 2081 μᾶλλον
1032 1997 1105 2064 δὲ
1148 1997 1227 2065 τὸ
1270 2002 1583 2083 μέγιστον
1627 1990 1893 2064 ουδέπω
1937 2001 2142 2086 φημί·
2203 1992 2391 2082 ὑμεῖς

222 2097 351 2185 γὰρ
398 2091 589 2166 αὐτοὶ
635 2098 704 2165 οἱ
746 2099 1057 2167 δικασταὶ
1099 2100 1213 2167 καὶ
1261 2097 1513 2183 μεταξὺ
1565 2098 1888 2184 λεγόντων
1928 2094 2116 2186 ἡμῶν
2162 2097 2230 2178 ἐς
2271 2098 2390 2186 τὴν

223 2197 483 2291 ὀροφὴν
530 2196 947 2287 ἀπεβλέπετε
989 2203 1101 2270 καὶ
1143 2199 1301 2281 τοὺς
1343 2206 1608 2285 τοίχους
1658 2199 2073 2285 ἐθαυμάζετε
2113 2204 2226 2269 καὶ
2269 2200 2391 2280 τὰς

223 2302 496 2394 γραφὰς
538 2302 880 2394 ἐξητάζετε
909 2301 1085 2390 πρὸς
1113 2302 1392 2392 ἑκάστην
1429 2298 2039 2391 ἀποστρεφόμενοι.
2111 2305 2224 2371 καὶ
2268 2329 2395 2393 μη·

101 2436 105 2438 ‘
230 2406 342 2474 δὲν
409 2405 843 2496 αἰσχυνθῆτε·
911 2405 1252 2495 συγγνώμη
1307 2405 1466 2493 γάρ,
1536 2406 1603 2474 εἴ
1647 2433 1717 2474 τι
1781 2402 2220 2492 ἀνθρώπινον
2271 2429 2396 2472 πε-

229 2507 577 2591 πόνθατε,
638 2502 857 2588 άλλως
910 2533 985 2575 τε
1037 2510 1148 2575 καὶ
1206 2508 1382 2592 πρὸς
1439 2507 1612 2575 οὕτω
1667 2505 1875 2585 καλὰς
1916 2509 2026 2574 καὶ
2081 2509 2398 2585 ποικίλας

227 2609 351 2690 τὰς
394 2606 787 2689 ὑποθέσεις.
864 2612 983 2698 τῆς
1024 2607 1149 2695 γὰρ
1190 2613 1421 2697 τέχνης
1463 2606 1541 2676 τό
1587 2602 1851 2694 ἀκριβὲς
1892 2611 2005 2675 καὶ
2047 2613 2167 2698 τῆς
2213 2610 2396 2676 ἱστο-

228 2717 385 2795 ρίας
436 2711 608 2798 μετὰ
666 2715 787 2779 τοῦ
839 2704 1119 2795 ἀρχαίου
1176 2710 1253 2778 τὸ
1309 2704 1652 2797 ὠφέλιμον
1711 2708 2060 2796 ἐπαγωγὸν
2104 2707 2196 2788 ὥς
2240 2703 2397 2798 ἀλη-

226 2818 383 2893 θῶς
435 2816 549 2881 καὶ
603 2814 1165 2897 πεπαιδευμένων
1217 2816 1493 2880 θεατῶν
1545 2811 1876 2896 δεόμενον.
1965 2813 2077 2879 καὶ
2136 2811 2250 2879 ἵνα
2305 2809 2394 2899 μὴ

230 2915 462 2983 πάντα
527 2915 739 2984 ἐκεῖσε
800 2912 1235 3003 ἀποβλέπητε
1296 2911 1474 3005 ἡμᾶς
1535 2907 2022 2995 ἀπολιπόντες,
2090 2917 2255 3002 φέρε
2310 2908 2400 2992 ὦς

230 3016 505 3087 οἷόντε
557 3017 928 3105 γράψωμαι
986 3011 1156 3085 αὑτὰ
1198 3013 1354 3102 ὑμῖν
1395 3020 1497 3104 τῷ
1553 3016 1752 3105 λόγῳ·
1807 3012 2209 3107 ἡσθήσεσθε
2249 3015 2394 3103 γάρ,

125 3143 211 3194 203
233 3116 447 3206 οἶμαι,
493 3113 846 3199 ἀκούοντες
890 3118 933 3186 ἃ
975 3122 1088 3188 καὶ
1132 3116 1417 3205 ὁρῶντες
1459 3118 1863 3205 θαυμάζετε.
1948 3122 2061 3187 καὶ
2104 3118 2271 3199 ἰ’σως
2315 3113 2397 3185 ἄν

224 3247 309 3307 με
353 3225 469 3291 καὶ
514 3216 606 3290 δι’
658 3216 824 3290 αύτό
872 3220 1303 3312 ἐπαινέσαιτε
1349 3224 1462 3289 καὶ
1515 3224 1637 3289 τοῦ
1681 3215 2019 3289 ἀντιδίκου
2063 3214 2398 3308 προτιμή-

227 3346 443 3407 σαιτε,
488 3319 582 3403 ιὺς
622 3322 714 3411 μὴ
764 3327 878 3393 καὶ
924 3318 1128 3391 αὑτοῦ
1163 3322 1624 3403 ἐπιδείξαντος
1664 3326 1779 3392 καὶ
1823 3323 2398 3400 διπλασιάσαντος

224 3421 387 3511 ὑμῖν
428 3423 549 3515 τὴν
592 3422 858 3514 ἡδονήν.
944 3423 1021 3493 τὸ
1074 3424 1373 3509 χαλεπὸν
1417 3425 1493 3492 δὲ
1533 3428 1655 3493 τοῦ
1707 3423 2133 3510 τολμήματος
2176 3418 2397 3507 ὑρᾶτε,

226 3553 387 3596 ανευ
436 3528 815 3615 χρωμάτων
882 3530 996 3595 καὶ
1063 3521 1414 3617 σχημάτων
1472 3528 1585 3594 καὶ
1648 3525 1866 3594 τόπου
1925 3523 2398 3611 συστήσασθαι

224 3630 565 3709 τοσαύτας
622 3626 913 3710 εἰκόνας·
978 3627 1150 3748 ψιλὴ
1216 3627 1343 3715 γάρ
1407 3652 1514 3706 τις
1575 3623 1616 3718 ἡ
1683 3624 1906 3715 γραφὴ
1973 3631 2104 3691 τῶν
2165 3623 2396 3711 λόγων.

221 3737 326 3799 22.
386 3732 458 3799 ἐν
513 3732 703 3822 δεξιᾷ
754 3732 878 3818 μὲν
945 3727 1062 3798 οὖν
1126 3729 1411 3798 εἰσιόντι
1456 3723 1819 3815 Ἀργολικῷ
1881 3726 2085 3814 μύθῳ
2142 3719 2390 3812 ἀναμέ-
2425 3738 2500 3794 22

221 3859 460 3919 μικται
511 3834 750 3912 πάθος
791 3831 1256 3913 Αἰθιοπικόν,
1312 3827 1349 3899 ὅ
1396 3830 1699 3915 Περσεὺς
1753 3828 1830 3897 τὸ
1887 3832 2085 3919 κῆτος
2129 3829 2397 3917 φονεύει

222 3939 335 4005 καὶ
380 3934 503 4026 τὴν
542 3935 998 4022 Ἀνδρομέδαν
1049 3939 1397 4015 καθαιρεῖ,
1453 3939 1566 4000 καὶ
1619 3929 1790 4016 μετὰ
1832 3930 2068 4018 μικρὸν
2110 3930 2398 4017 γαμήσει

223 4041 336 4107 καὶ
395 4034 678 4106 ἄπεισιν
732 4032 936 4127 αὑτὴν
994 4032 1201 4123 ἄγων·
1259 4034 1594 4121 πάρεργον
1648 4035 1846 4100 τοῦτο
1902 4037 2019 4123 τῆς
2063 4032 2176 4100 ἐπὶ
2226 4037 2275 4098 I
2283 4056 2398 4117 ορ-
