2867 4525
370 234 375 238 ⁸
450 269 573 328 108
1342 265 1721 320 Aorffluor

443 436 621 525 πρὸς
663 436 781 525 τὴν
824 440 960 503 τῶν
1005 433 1614 521 εὐδαιμονεστέρων
1674 430 2033 521 ῦποδοχήν.
2119 432 2290 519 μετὰ
2338 434 2413 500 δὲ
2453 437 2608 518 τοῦ-

443 565 561 607 τον
618 537 1035 625 ἑκατέρωθεν
1093 538 1384 625 διαρκεῖς
1447 548 1591 614 τοῖς
1659 532 2152 621 ἀποδυομένοις
2210 532 2606 617 ἀποθέσεις,

444 644 556 709 καὶ
601 646 807 725 μέσος
850 635 1031 719 οἶκος
1073 633 1238 727 ῦψει
1279 665 1353 707 τε
1384 635 1816 728 ῦψηλίτατος
1844 642 1955 706 καὶ
2003 641 2183 726 φωτὶ
2229 632 2606 726 φαιδρότα-

444 768 592 824 τος,
649 745 911 828 ψυχροῦ
962 740 1204 820 ὕδατος
1262 740 1427 825 ἔχων
1482 755 1663 828 τρεῖς
1716 740 2223 829 κολυμβήθρας,
2290 746 2608 828 Λακαίνῃ

447 846 628 932 λίθῳ
679 848 1196 933 κεκοσμημένος,
1263 847 1376 912 καὶ
1444 843 1692 923 εἰκόνες
1748 843 1817 910 ἐν
1877 839 2057 929 αὐτῷ
2114 843 2318 909 λίθου
2377 844 2609 910 λευκοῦ

443 950 563 1035 τῆς
608 939 888 1032 ἀρχαίας
948 945 1295 1033 ἐργασίας,
1352 942 1393 1035 ἡ
1445 946 1569 1038 μὲν
1605 943 1918 1034 Ὑγιείας,
1974 941 2011 1034 ἦ
2060 945 2133 1012 δὲ
2171 941 2609 1032 Ἀσκληπιοῦ.

375 1059 415 1114 6
451 1055 510 1116 6.
569 1048 1004 1127 εἰσελθόντας
1061 1050 1133 1115 δὲ
1187 1045 1589 1133 ὑποδέχεται
1641 1045 1859 1135 ἠρέμα
1908 1046 2374 1131 χλιαινόμενος
2430 1043 2611 1124 οἶκος

447 1145 564 1217 οῦκ
594 1143 840 1241 ἀπηνεῖ
858 1154 944 1241 τῇ
968 1155 1189 1239 θέρμῃ
1215 1153 1696 1238 προαπαντῶν,
1730 1149 2080 1238 ἐπιμήκης,
2112 1145 2610 1235 ἀμφιστρόγγυ-

447 1254 581 1338 λος,
624 1247 793 1338 μεθ’
845 1251 921 1320 ὃν
952 1252 1021 1320 ἐν
1066 1252 1254 1342 δεξιᾷ
1284 1248 1467 1332 οἶκος
1498 1238 1567 1319 εῦ
1606 1251 1792 1338 μάλα
1822 1252 2131 1341 φαιδρός,
2178 1245 2610 1337 ἀλείψασθαι

444 1358 803 1444 προσηνῶς
831 1355 1303 1443 παρεχόμενος,
1351 1353 1772 1441 ἑκατέρωθεν
1804 1354 2108 1432 εἰσόδους
2138 1353 2302 1438 ἔχων
2337 1358 2611 1439 Φρυγίῳ

446 1458 626 1544 λίθῳ
683 1458 1342 1542 κεκαλλωπισμένας,
1400 1456 1559 1535 τοῦς
1604 1453 1742 1525 ἀπὸ
1804 1459 2232 1542 παλαίστρας
2276 1454 2612 1531 εἰσιόντας

444 1558 816 1643 δεχόμενος.
907 1553 1027 1626 εἶτ’
1093 1559 1211 1627 ἐπὶ
1269 1558 1487 1645 τούτῳ
1546 1554 1750 1636 ἄλλος
1802 1555 1981 1636 οἶκος
2040 1558 2242 1625 οἴκων
2288 1553 2606 1623 ἁπάντων

441 1660 813 1746 κάλλιστος,
860 1665 1098 1751 στῆναί
1139 1687 1213 1728 τε
1239 1664 1353 1728 καὶ
1383 1660 1871 1747 ἐγκαθίζεσθαι
1906 1662 2449 1748 προσηνέστατος
2490 1659 2602 1724 καὶ
2622 1673 2686 1722 72

444 1762 854 1848 ἐμβραδῦναι
883 1756 1383 1850 ἀβλαβέστατος
1402 1765 1518 1830 καὶ
1551 1761 2037 1849 ἐγκυλίσασθαι
2063 1754 2609 1849 ὠφελιμώτατος,

450 1869 743 1949 Φρυγίου
799 1868 910 1931 καὶ
972 1859 1172 1942 αῦτός
1217 1864 1314 1943 εἰς
1356 1862 1615 1954 ὀροφὴν
1667 1861 1874 1953 ἄκραν
1920 1860 2373 1947 ἀποστίλβων.
2460 1859 2612 1947 ἑξῆς

446 1964 519 2030 δὲ
564 1961 599 2030 ὅ
658 1966 917 2051 θερμὸς
976 1963 1375 2049 ὑποδέχεται
1421 1965 1787 2054 διάδρομος
1830 1965 2107 2050 Νομάδι
2163 1966 2344 2051 λίθῳ
2389 1963 2611 2031 διακε-

444 2067 865 2156 κολλημένος.
941 2065 976 2134 ὁ
1011 2068 1084 2134 δὲ
1115 2068 1305 2136 ἔνδον
1335 2064 1516 2145 οἶκος
1543 2067 1917 2149 κάλλιστος,
1964 2065 2194 2155 φωτός
2235 2090 2310 2132 τε
2350 2065 2611 2131 πολλοῦ

376 2182 407 2236 7
445 2161 816 2253 ἀνάμεστος
870 2173 983 2238 καὶ
1028 2165 1123 2248 ῶς
1179 2169 1504 2258 πορφύρᾳ
1561 2170 2056 2260 διηνθισμένος.
2149 2175 2206 2234 7.
2247 2181 2440 2254 ,τρεῖς
2493 2169 2610 2234 καὶ

442 2265 638 2351 οὗτος
692 2272 958 2357 θερμὰς
1013 2273 1304 2351 πυέλους
1360 2277 1743 2359 παρέχεται.
1832 2275 2220 2359 λουσαμένῳ
2268 2271 2341 2337 δὲ
2392 2269 2610 2338 ἔνεστί

443 2395 554 2441 σοι
596 2373 686 2461 μὴ
732 2373 853 2461 τὴν
899 2375 1014 2443 διὰ
1055 2377 1191 2441 τῶν
1236 2370 1455 2441 αὐτῶν
1501 2373 1701 2442 οἴκων
1748 2361 1955 2454 αῦθις
2000 2376 2382 2453 ἐπανιέναι,
2436 2369 2609 2438 ἀλλὰ

440 2489 710 2558 ταχεῖαν
753 2475 874 2565 τὴν
919 2475 1034 2544 ἐπὶ
1076 2474 1153 2545 τὸ
1202 2475 1462 2563 ψυχρὸν
1509 2472 1600 2544 δι’
1657 2471 1874 2563 ἠρέμα
1916 2479 2181 2563 θερμοῦ
2225 2473 2605 2562 οἰκήματος,

440 2578 554 2643 καὶ
594 2581 808 2646 ταῦτα
849 2579 1077 2647 πάντα
1135 2574 1270 2645 ὑπὸ
1318 2581 1500 2667 φωτὶ
1541 2578 1811 2665 μεγάλῳ
1864 2580 1976 2646 καὶ
2021 2580 2244 2666 πολλῇ
2288 2579 2372 2665 τῇ
2416 2575 2606 2642 ἔνδον

441 2675 680 2768 ἡμέρᾳ.
753 2675 895 2770 ῦψη
941 2680 1118 2769 πρὸς
1146 2679 1410 2758 τούτοις
1443 2674 1737 2767 ἀνάλογα
1766 2684 1879 2750 καὶ
1909 2679 2134 2769 πλάτη
2182 2692 2325 2757 τοῖς
2367 2676 2609 2768 μήκεσι

441 2780 786 2867 σύμμετρα
829 2788 941 2853 καὶ
972 2786 1317 2866 πανταχοῦ
1351 2780 1570 2871 πολλὴ
1611 2782 1807 2869 χάρις
1847 2784 1960 2849 καὶ
1981 2774 2352 2869 Ἀφροδίτη
2397 2778 2607 2846 ἐπαν-

438 2888 587 2951 θεῖ·
654 2884 822 2952 κατὰ
885 2884 1012 2973 γὰρ
1077 2886 1196 2953 τὸν
1257 2885 1463 2952 καλὸν
1520 2885 1869 2970 Πίνδαρον
1932 2877 2344 2970 ,,ἀρχομένου
2410 2882 2609 2969 ἔργου

439 2985 814 3068 πρόσωπον
855 2988 976 3074 χρὴ
1027 2991 1239 3071 θέμεν
1274 2988 1660 3074 τηλαυγές.“
1731 2989 1931 3053 τοῦτο
1979 2987 2017 3052 δ
2027 2981 2043 3006 ’
2096 2976 2177 3052 ἂν
2223 2984 2324 3075 ἐ’ίη
2372 2984 2444 3052 ἐκ
2487 2988 2611 3074 τῆς

443 3081 647 3172 αὐγῆς
688 3088 983 3172 μάλιστα
1025 3092 1135 3156 καὶ
1176 3092 1297 3155 τοῦ
1349 3095 1634 3178 φέγγους
1674 3092 1789 3156 καὶ
1832 3092 1967 3155 τῶν
2012 3091 2441 3177 φωταγωγῶν
2484 3111 2607 3171 με·-

440 3193 915 3276 μηχανημένον.
1004 3189 1040 3257 ὃ
1097 3191 1223 3280 γὰρ
1270 3191 1487 3282 σοφὸς
1538 3188 1630 3270 ὥς
1689 3184 1966 3279 ἀληθῶς
2001 3187 2275 3269 Ἱππίας
2316 3187 2438 3257 τὸν
2480 3189 2604 3273 μὲν
2624 3203 2686 3254 ’73

439 3290 859 3376 ψυχροδόχον
903 3287 1085 3358 οἶκον
1117 3291 1184 3370 ές
1219 3296 1473 3380 βορρᾶν
1504 3292 2060 3381 προκεχωρηκότα
2104 3292 2441 3381 ἐποίησεν,
2489 3286 2610 3358 οὐκ

439 3385 725 3477 ἄμοιρον
755 3384 910 3460 οῦδὲ
940 3397 1059 3461 τοῦ
1093 3397 1547 3483 μεσημβρινοῦ
1593 3393 1822 3482 ἀέρος·
1864 3394 2023 3474 τοῦς
2068 3395 2142 3462 δὲ
2186 3396 2445 3462 πολλοῦ
2487 3400 2609 3459 τοῦ

437 3492 757 3572 θάλπους
816 3494 1167 3580 δεομένους
1211 3496 1384 3583 νότῳ
1430 3498 1542 3563 καὶ
1588 3492 1760 3583 εὕρῳ
1813 3501 1926 3565 καὶ
1974 3497 2235 3585 ζεφύρῳ
2278 3492 2608 3585 ὑπέθηκε.

372 3612 408 3667 8
444 3597 503 3661 8.
548 3601 617 3662 τί
662 3590 743 3662 ἶίν
803 3618 916 3666 σοι
968 3596 1044 3664 τὸ
1104 3596 1222 3665 ἐπὶ
1272 3591 1491 3685 τούτῳ
1544 3599 1804 3684 λέγοιμι
1857 3600 2286 3683 παλαίστρας
2327 3601 2440 3666 καὶ
2482 3597 2611 3677 τὰς

439 3696 668 3775 κοινὰς
724 3701 859 3765 τῶν
919 3700 1623 3789 ἱματιοφυλακούντων
1683 3701 2093 3781 κατασκευὰς
2154 3714 2426 3784 ταχεῖαν
2479 3697 2608 3785 τὴν

441 3795 559 3865 ἐπὶ
600 3798 678 3864 τὸ
726 3800 1004 3888 λουτρὸν
1047 3802 1159 3868 καὶ
1203 3801 1293 3890 μὴ
1341 3800 1457 3869 διὰ
1498 3807 1756 3889 μακροῦ
1791 3802 1916 3891 τὴν
1961 3800 2121 3872 ὅδὸν
2163 3803 2443 3887 ἐχούσας
2483 3805 2609 3869 τοῦ

435 3904 763 3987 χρησίμου
805 3925 880 3967 τε
921 3904 1033 3969 καὶ
1079 3897 1413 3987 ἀβλαβοῦς
1459 3902 1679 3989 ἔνεκα,
1727 3907 1839 3972 καὶ
1883 3904 1973 3993 μή
2018 3931 2104 3990 με
2148 3903 2455 3991 ὑπολάβῃ
2500 3928 2611 3982 τις

437 3997 675 4087 μικρὸν
723 4000 913 4088 ἔργον
945 4008 1373 4089 προθέμενον
1402 4018 1672 4091 κοσμεῖν
1713 4009 1813 4092 τῷ
1858 4006 2036 4094 λόγῳ
2077 4011 2607 4093 προαιρεῖσθαι·
