2867 4525
509 260 634 320 290
1249 260 1630 316 ΑΒΝΟΤΑΤῙΟ
1667 261 1937 317 chl’ch.

719 438 838 511 μὲν
881 429 961 515 ἦν
1001 431 1225 511 αὑτοῖς
1251 451 1622 510 μονοσιτεῖν
1651 434 1951 516 νόμιμον,
1998 429 2178 512 ὅπως
2208 431 2329 517 ὅλῃ
2358 442 2438 516 τῇ
2464 432 2672 519 ἡμέρᾳ

715 545 970 622 χρῷντο
1026 542 1135 601 καὶ
1191 540 1255 616 ές
1303 537 1418 617 τὰς
1474 536 1735 622 πράξεις
1788 544 1895 604 καὶ
1955 541 2017 616 ἐς
2074 535 2150 603 τὸ
2196 542 2665 603 διαπονεῖσθαι.

505 658 559 700 c.
634 645 693 701 5.
721 637 1283 719 καταψευδόμενος
1313 638 1338 724 Ι
1369 639 1883 721 καταψεύδεσθαι
1925 668 2013 693 ==
2054 642 2365 703 mendaciis
2409 626 2672 722 perdere.

505 761 559 803 c.
631 747 686 803 6.
720 744 892 806 ἔστι
950 743 1195 824 accidit,
1255 749 1319 804 ut
1361 746 1419 805 in
1467 746 1683 807 talibus
1724 747 1903 807 rebus
1946 746 2113 805 multi
2157 744 2524 822 decipiantur
2569 747 2675 821 qui

719 845 893 906 fidem
954 846 1175 907 habent
1230 849 1303 909 iis
1346 850 1448 924 qui
1504 848 1737 926 quidvis
1777 840 1841 908 in
1882 849 2072 909 mains
2115 851 2348 908 auctum
2393 853 2674 908 enarrant

718 982 803 993 —
845 949 1304 1029 λιγυρωτέροις
1334 947 1355 1029 fl
1387 1000 1403 1014 .
1453 1000 1467 1015 .
1515 1000 1530 1014 .
1581 968 1663 1023 ος
1689 946 1770 1009 Ψ
1811 983 1898 993 -
1932 952 2172 1031 μηδὲν
2200 951 2357 1027 μέγα
2389 951 2670 1029 προσδο-

719 1046 879 1131 κη’σῃ
924 1046 1357 1132 ἀνιμήσασθαι
1401 1049 1441 1132 ἢ
1489 1047 1732 1116 σαυτὸν
1778 1047 2009 1132 α’νιάσῃ
2053 1058 2167 1133 τῆς
2211 1053 2470 1127 ἐλπίδος
2512 1045 2534 1132 Ι
2574 1047 2670 1132 μὴ

725 1155 961 1233 μηδὲν
1008 1197 1023 1211 .
1072 1197 1087 1212 .
1136 1196 1151 1211 .
1197 1150 1609 1235 προσδοκήσῃ
1654 1154 1822 1216 det.

935 1673 1296 1741 LUOIANI
1340 1675 1693 1743 MUSOAE
1738 1672 2224 1742 ENOOMIUM.

507 1829 645 1891 Cod.
684 1827 842 1890 Gorl.
873 1857 953 1880 ==
983 1830 1042 1893 A
1133 1829 1269 1890 Cod.
1301 1828 1484 1891 Marc.
1520 1834 1642 1892 434
1674 1856 1759 1881 ==
1787 1824 1857 1888 Ω
1949 1828 2085 1892 Cod.
2118 1829 2300 1891 Marc.
2327 1833 2451 1891 436
2478 1857 2564 1880 ==
2594 1828 2673 1890 Ψ

682 1929 815 1992 Coa.
870 1929 990 1993 Vat.
1040 1936 1115 1993 87
1148 1958 1235 1982 ==
1265 1930 1316 1996 21
1497 1930 1632 1993 0001.
1686 1929 1809 1993 Vat.
1860 1937 1937 1993 90
1970 1958 2056 1982 --=
2085 1927 2137 1990 Γ
2172 1921 2491 2009 (Gramen)

605 2032 739 2094 Cod.
785 2032 1056 2095 Laurent.
1086 2061 1173 2085 =
1201 2030 1269 2093 Φ
1317 2036 1549 2111 (manus
1591 2036 1872 2114 antiqua).
2060 2032 2194 2095 Cod.
2243 2032 2392 2094 Μαι.
2447 2039 2566 2097 193

1282 2134 1516 2198 Vindob.
1568 2139 1685 2198 123
1717 2164 1804 2187 ιπ-
1831 2132 1884 2196 Β

505 2293 557 2334 c.
635 2280 684 2335 1.
717 2271 754 2353 ἣ
797 2269 956 2350 μυῖά
1000 2274 1131 2337 ἐστι
1171 2277 1290 2351 μὲν
1314 2272 1409 2339 ου’
1438 2271 1526 2338 τὸ
1556 2270 1988 2358 σμικρότατον
2018 2283 2155 2339 τῶν
2186 2272 2454 2358 ὀρνέων,
2502 2270 2670 2340 ὅσον

716 2375 934 2450 ἔμπισι
976 2379 1083 2437 καὶ
1127 2370 1399 2455 κώνωψι
1444 2381 1553 2440 καὶ
1596 2390 1736 2454 τοῖς
1764 2380 1859 2441 ἔτι
1889 2380 2300 2459 λεπτοτέροις
2329 2372 2667 2459 παραβάλ-

714 2483 850 2540 λειν
939 2471 1032 2540 οὖ’
1042 2499 1143 2540 τω
1175 2472 1503 2540 ΩΨΞΙΦΒ
1545 2485 1782 2558 recte,
1829 2498 1960 2540 cum
1990 2497 2192 2540 omnes
2219 2478 2346 2541 fere
2375 2478 2669 2540 editiones

717 2579 975 2639 habeant
997 2603 1034 2644 ο
1049 2576 1091 2643 ὐ
1120 2577 1228 2644 τὸ.
1275 2582 1435 2641 Dicit
1458 2583 1611 2642 enim
1634 2581 1728 2661 L.,
1750 2599 2028 2661 muscam,
2061 2584 2315 2643 omnium
2338 2583 2666 2643 volucrium

715 2680 873 2760 (τῶν
917 2680 1197 2763 ὀρνέων)
1240 2685 1681 2743 minutissimam
1728 2700 1890 2763 esse,
1945 2685 2030 2744 ita
2086 2688 2281 2744 tamen
2324 2679 2556 2763 (οὕτω)
2600 2688 2669 2744 ut

713 2785 1030 2861 restringat
1079 2784 1239 2860 quod
1294 2785 1468 2845 modo
1526 2785 1673 2845 dixit
1729 2780 1937 2861 (ὅσον)
1996 2785 2223 2846 addens
2279 2785 2666 2863 excipiendos

718 2904 848 2948 esse
893 2888 1113 2948 culices
1158 2891 1217 2947 et
1259 2904 1464 2948 omnes
1504 2886 1567 2947 id
1609 2906 1799 2965 genus
1840 2890 2094 2955 minores
2137 2888 2438 2949 bestiolas.

626 2992 685 3049 2.
717 2986 1020 3069 ἀπηνοῦς
1038 2984 1060 3071 Ι
1080 2987 1357 3070 α’πηνῶς
1370 2983 1728 3053 ΔΩἍΓΒΦ
1741 2991 1885 3050 Mat.
1898 3023 1986 3033 --
2000 3012 2038 3053 ο
2054 2992 2133 3052 ἱά
2153 2985 2174 3072 Π
2194 2988 2302 3054 οἶα
2315 2984 2502 3058 ἋΓΒ
2517 2992 2663 3050 Mut.

634 3095 691 3151 3.
724 3089 1055 3168 ὀφθαλμοι
1089 3135 1104 3151 .
1140 3135 1155 3151 .
1186 3106 1631 3173 προπαγεῖς
1664 3090 1686 3174 ΙΙ
1719 3100 2166 3175 προπαλεῖς
2198 3088 2317 3152 ΒΦ
2346 3092 2665 3171 oculipro-

716 3196 996 3253 minentes
1039 3193 1206 3267 (Cob.
1252 3196 1649 3275 περιπετεῖς).
1695 3229 1779 3240 -
1824 3197 2118 3260 ἐοικυῖαν
2149 3194 2173 3274 fl
2205 3196 2456 3259 ἐοικυῖα
2502 3191 2678 3255 ΩΨ

718 3290 972 3363 ἩΓΒΦ
1014 3297 1156 3356 Mut.
1202 3332 1287 3342 —
1332 3291 1504 3361 ὅσα
1561 3304 1669 3361 καὶ
1712 3297 1735 3378 ΙΙ
1778 3303 1912 3362 καὶ
1971 3294 2116 3363 ὅσα
2160 3294 2371 3368 ΩἎΓ
2404 3300 2548 3358 Mut.
2592 3293 2666 3357 Φ

715 3431 802 3442 --
829 3392 1120 3474 θάνατος
1150 3394 1273 3479 γὰρ
1303 3396 1468 3480 αὐτῇ
1498 3406 1696 3463 τοῦτο
1733 3413 1952 3464 πιεῖν
1985 3398 2008 3478 ΙΙ
2040 3401 2184 3461 del.
2230 3413 2450 3463 πιεῖν
2479 3395 2532 3459 Β
2578 3401 2667 3477 (in

716 3519 833 3561 ras·
866 3498 936 3563 21.
984 3514 1155 3564 ποιεῖ
1187 3495 1277 3577 Φ)
1326 3535 1404 3545 --
1453 3507 1584 3564 καὶ
1625 3504 1888 3578 μέντοι
1934 3497 2351 3586 ω’κύμορος
2394 3497 2600 3565 οὖσα
2647 3498 2668 3585 Ι]

719 3605 734 3680 [
763 3605 778 3679 ]
808 3602 973 3664 det.
1045 3605 1260 3681 Neque
1306 3622 1372 3664 re
1428 3622 1623 3680 neque
1677 3604 1876 3665 verbis
1931 3607 2082 3665 haec
2125 3622 2257 3665 cum
2301 3604 2664 3666 anteceden-

717 3706 870 3767 tibus
915 3707 1255 3768 cohaerent.
1329 3708 1512 3768 Recte
1556 3711 1749 3768 autem
1796 3711 1854 3767 et
1897 3706 2049 3768 bene
2094 3707 2410 3786 conjuncta
2455 3725 2519 3769 se
2563 3726 2666 3767 ex-

719 3810 941 3885 cipiunt
981 3805 1270 3885 θάνατος
1304 3807 1470 3890 αὐτῇ
1498 3817 1697 3874 τοῦτο
1730 3814 1864 3871 sunt
1892 3814 1951 3870 et
1979 3806 2155 3874 πάνυ
2186 3805 2306 3891 γὰρ
2337 3811 2400 3886 ἐς
2432 3807 2665 3874 στενὸν

503 3008 556 3152 ‚05³

720 3906 754 3969 ὃ
801 3914 977 3985 βίος
1023 3908 1269 3991 αὐτῆς
1300 3914 1961 3993 συμμεμέτρηται.
2035 3913 2497 3973 Exterminanda
2526 3917 2667 3973 sunt

718 4012 896 4086 igitur
939 4016 1044 4073 καὶ
1085 4013 1305 4086 μέντοι
1352 4011 1693 4096 ω’κύμορος
1738 4009 1902 4078 οὖσα
1936 4032 2089 4091 quae
2118 4015 2274 4075 idem
2306 4014 2665 4091 significant,
