2867 4525
922 262 1181 317 LUGIANI
1215 262 1298 316 DE
1334 263 1685 318 GALUMMA.
2256 266 2378 325 295

214 455 269 499 e.
298 440 403 497 26.
430 432 648 512 μόνον
691 433 790 500 οὖ
831 441 968 500 καὶ
1008 432 1030 519 Ι
1068 433 1281 513 μόνον
1325 436 1478 502 οὐκ
1521 432 1791 499 ΩΨΓΦ

213 558 267 604 e.
302 542 407 599 27.
438 534 636 620 πρὸς
678 535 990 616 Κότυος
1031 535 1051 620 fl
1092 537 1249 620 πρὸ
1293 536 1644 617 σκότους
1686 535 2093 621 ΑΩ(Ῥ)ΨΓΦ

782 960 1112 1028 LUGIAN
1113 963 1145 1027 Ι
1188 963 1308 1027 DE
1354 962 1826 1029 OALUMNIA.

502 1116 634 1179 Cod.
687 1115 840 1181 Gorl.
875 1143 961 1167 =
987 1116 1047 1180 A
1359 1114 1493 1176 Cod.
1543 1115 1726 1178 Marc.
1775 1122 1898 1210 434
1928 1144 2014 1168 =
2043 1112 2111 1178 Ω

417 1217 552 1280 Coei.
606 1215 731 1278 Vae.
780 1216 966 1282 Palat.
1015 1222 1139 1279 213
1185 1235 1261 1278 em
1301 1217 1513 1279 schedis
1557 1216 1771 1279 Raude.
1862 1218 2000 1282 Cod.
2045 1217 2195 1280 Μαι.

210 1374 266 1420 e.
352 1360 401 1419 1.
439 1352 532 1418 ου’
561 1358 1081 1430 διαλείπομεν
1113 1397 1129 1414 .
1163 1397 1178 1414 .
1209 1351 1833 1431 ὀλισθαίνοντες
1864 1351 1888 1436 fl
1917 1354 2222 1417 Sti-notura
2249 1372 2381 1415 ver·

436 1457 646 1519 borum
689 1451 1029 1535 παύεσθαι,
1074 1461 1385 1520 διατελεῖν
1427 1489 1515 1500 —-
1556 1452 1887 1537 τοιγάρτοι
1914 1506 1929 1520 .
1963 1507 1979 1521 .
2013 1505 2030 1521 .
2065 1478 2142 1519 το
2170 1464 2359 1520 τοιοῦ

435 1582 514 1623 το
545 1560 931 1640 παρέσχηται
957 1553 1344 1638 {Subjeetum
1372 1561 1465 1618 est
1491 1552 1570 1621 τὸ
1596 1564 1863 1622 τοιοῦτο
1891 1590 1979 1601 -
2005 1554 2086 1622 τὰ
2114 1564 2384 1622 πλεῖστα

434 1667 574 1725 τῶν
620 1661 703 1724 ἐν
745 1668 838 1741 τῇ
882 1676 1041 1741 σκη
1065 1666 1170 1740 νῆ
1212 1657 1836 1736 α’ναβαίνοντων
1868 1654 1893 1740 ss
1925 1657 2274 1738 ἀναβαίνεν
2303 1659 2380 1719 ab

438 1763 822 1824 histrionibus
878 1762 955 1822 ad
1011 1763 1175 1840 ipsas
1231 1760 1571 1838 tragoedias
1614 1762 1992 1826 ‘translatum
2085 1763 2383 1822 Doeemur

436 1864 618 1926 eredo
663 1866 754 1927 his
798 1865 1018 1945 verbis,
1065 1864 1142 1926 de
1186 1865 1402 1940 quibus
1444 1864 1637 1925 adhue
1674 1865 1748 1926 lis
1792 1869 1903 1937 est,
1946 1864 2258 1926 histriones
2304 1863 2383 1924 ad

438 1968 733 2044 agendum
763 1969 823 2027 in
845 1985 1123 2027 scaenam
1144 1966 1526 2029 adscendisse
1549 1965 1798 2027 editiore
1819 1968 1955 2028 loeo
1974 1968 2168 2027 sitam.
2215 1964 2382 2038 Quae

435 2069 631 2130 studia
686 2070 963 2129 scaenica
1013 2067 1107 2129 his
1164 2068 1524 2143 temporibus
1573 2086 1729 2129 novo
1774 2067 1985 2129 ardore
2029 2068 2281 2130 excitata
2324 2072 2385 2127 et

434 2175 706 2249 promota
721 2215 738 2250 ‚
802 2169 1291 2248 quemadmodum
1335 2168 1654 2247 Dorpfeldi
1692 2172 1958 2248 inprimis
2013 2172 2251 2248 ingenio
2295 2174 2383 2230 at-

441 2293 559 2351 que
628 2274 918 2335 industria
983 2273 1061 2334 ad
1123 2272 1470 2335 firmandam
1529 2273 1706 2335 huius
1768 2275 2129 2350 antiquitatis
2191 2275 2385 2335 seien-

440 2380 582 2438 tiam
612 2378 797 2438 multa
826 2377 1068 2454 egregie
1098 2375 1451 2437 detexerunt
1478 2381 1538 2437 et
1565 2378 2009 2438 illustraverunt
2049 2377 2136 2438 sie
2181 2376 2388 2438 eadem

442 2478 602 2539 hand
654 2477 1090 2556 neglegendam
1141 2477 1568 2539 admonuerunt
1609 2477 2010 2538 venerandam
2057 2483 2244 2539 artem
2286 2497 2388 2539 ne-

442 2580 689 2660 sciendi,
733 2580 836 2642 ubi
878 2584 1108 2640 statuae
1150 2579 1387 2640 tabulae
1431 2578 1703 2640 aedificia
1745 2596 1878 2640 eum
1921 2581 2242 2641 litterarum
2287 2579 2388 2640 do-

441 2685 727 2744 cumentis
760 2686 1028 2760 pugnant
1054 2714 1141 2725 -
1170 2680 1386 2745 οἶκοι
1432 2675 1879 2762 συνεχύθησαν
1922 2675 1944 2764 ΙΙ
1985 2676 2210 2762 ὅρκοι
2242 2681 2385 2743 Oob.

215 2805 272 2846 e.
346 2788 408 2845 2.
438 2775 636 2865 ἤκουε
669 2827 684 2843 .
719 2827 734 2843 .
766 2806 912 2848 τινα
953 2779 1255 2864 ὕπαρχον
1297 2782 1463 2845 εἶναι
1490 2777 1584 2846 τὰ
1611 2775 1812 2846 κατὰ
1845 2777 1964 2863 τὴν
2001 2786 2389 2864 Φοινίκην

442 2887 1144 2970 ἐπιτετραμμένον
1189 2883 1214 2968 fl
1256 2883 1400 2966 τὴν
1464 2894 1679 2951 Φοιν.
1747 2886 2391 2966 ἐπιτετραμὲνον

441 3007 568 3053 om.
617 2983 711 3053 τὰ
753 2984 956 3051 κατὰ
985 2986 1153 3048 det.
1197 2991 1296 3049 cui
1336 2987 1680 3050 demandata
1722 2996 1849 3048 erat
1877 2985 2216 3048 Phoenicius
2245 3005 2390 3049 cura

442 3090 517 3156 ef.
566 3091 741 3152 Hom.
785 3091 853 3155 11.
902 3092 980 3151 Π.
1028 3094 1106 3151 25
1125 3135 1142 3170 ,
1176 3096 1274 3152 61.
1320 3084 1375 3176 ᾧ
1419 3093 1483 3154 οἱ
1539 3094 1688 3155 λαοὶ
1742 3086 2148 3171 τετράφαται.
2240 3089 2392 3152 Lue.

437 3193 697 3254 Toxaris
740 3188 778 3256 ὁ
826 3188 946 3275 τὴν
978 3193 1314 3271 Αἴγυπτον
1354 3192 1889 3274 ἐπιτετραμμένος
1919 3191 2000 3254 ef.
2026 3194 2262 3254 Patriae
2292 3210 2392 3253 en-

439 3297 691 3357 eomin’m
707 3314 759 3357 e.
784 3298 881 3357 12.
896 3297 960 3359 οἱ
984 3291 1431 3372 πιστευόμενοι
1453 3292 1570 3373 τὰς
1593 3300 2123 3377 στρατηγίας-κ
2138 3299 2216 3358 αὶ
2244 3291 2391 3376 γὰρ

438 3421 479 3462 κ
495 3404 573 3462 αὶ
603 3391 695 3463 οὖ
711 3422 749 3462 τ
763 3421 801 3462 ο
816 3421 850 3475 ς
880 3401 1262 3479 διαβληθείς.
1337 3397 1542 3459 Solent
1569 3399 1808 3458 serioris
1835 3399 2176 3474 graecitatis
2204 3398 2391 3473 serIp-

439 3505 600 3561 tores
656 3500 956 3560 cumulare
1011 3500 1431 3578 particularum
1482 3516 1789 3559 numerum
1834 3502 1893 3558 et
1934 3495 2183 3557 formam
2197 3541 2215 3576 ‚
2272 3515 2391 3574 quo

438 3606 697 3680 augeant
742 3619 942 3664 earum
987 3603 1126 3681 vim,
1170 3603 1336 3662 velut
1376 3607 1541 3680 γοῦν
1576 3595 1787 3682 δήπου
1818 3595 2169 3681 δήπουθεν,
2212 3600 2394 3681 μέχρι

437 3726 579 3785 περ,
624 3706 874 3784 ἵναπερ,
921 3698 1022 3766 ὅτι
1051 3725 1190 3784 περ,
1227 3697 1337 3767 ὅτε
1364 3725 1505 3783 περ,
1541 3706 1649 3766 καὶ
1677 3698 1804 3782 μὴν
1832 3705 1941 3765 καὶ
1970 3702 2123 3760 aliae
2153 3701 2393 3762 multae.

436 3838 523 3850 —
569 3801 659 3881 ὡς
715 3804 809 3885 εἴη
853 3811 1347 3886 κεκοινωνηκὼς
1390 3810 1550 3868 τῶν
1595 3798 1809 3867 ὅλων
1850 3798 1875 3884 fl
1918 3808 2077 3866 τῶν
2124 3795 2396 3882 ὅρκων

434 3906 605 3968 det.
650 3905 1097 3984 conjurationis.

205 4032 266 4074 e.
342 4016 403 4073 3.
436 4006 476 4074 ὃ
524 4012 591 4073 δὲ
620 4015 1023 4085 Πτολεμαῖος
1067 4004 1158 4084 ὡς
1204 4004 1286 4073 ἂν
1328 4012 1437 4071 καὶ
1480 3998 1688 4071 τᾶλλα
1718 4003 1802 4071 οὐ
1832 4001 2038 4088 κάρτα
2070 4000 2392 4088 φρενήρης
