2867 4525
791 247 1051 300 LUClANl
1087 246 1171 299 RH
1179 244 1448 300 ETORUM
1486 245 1933 300 PRAECEPTOR.
2313 247 2437 307 281

489 418 527 484 ὸ
576 417 811 502 ῥήτωρ.
899 417 1073 502 παρὰ
1119 420 1626 498 comparativi
1670 421 1789 479 vim
1832 437 1941 496 pro
1983 416 2021 500 ἢ
2070 423 2243 481 etiam
2285 422 2438 481 Plat.

489 525 649 601 legg.
694 542 755 600 p.
792 526 934 585 729.
968 541 1001 584 e
1047 518 1214 586 ἄλλα
1258 524 1517 602 λέγουσι
1548 519 1754 602 παρὰ
1785 518 1903 602 τὴν
1934 523 2186 586 ἑαυτῶν
2217 520 2437 601 δόξαν.

273 644 323 685 c.
363 632 459 686 ¹5.
490 633 697 689 ταῦτα
743 629 818 690 δὲ
865 621 1041 690 πάνυ
1085 623 1406 704 α’ναγκατα
1434 621 1643 702 μόνα
1673 631 1806 689 καὶ
1836 621 2051 690 ἔστιν
2082 621 2217 690 ὅτε
2249 623 2439 690 ἱκανά

492 726 736 808 Πταῦτα
767 724 850 809 δὴ
876 728 1094 805 (det.)
1122 725 1444 809 α’ναγκαῖα
1472 732 1580 791 καὶ
1607 724 1706 804 μό
1721 751 1811 792 να
1842 729 2055 794 ἐστὶν
2086 725 2126 793 δ’
2138 752 2218 793 τε
2250 725 2440 793 ἱκανά

497 825 614 907 (Ω)
671 830 963 892 interdum
1017 834 1189 892 ctiam
1233 829 1357 892 sola
1399 829 1726 910 sufficiunt.
1778 865 1858 878 κ·-
1900 835 2009 894 καὶ
2052 828 2091 911 ἡ
2136 827 2327 913 ἐσθής
2374 834 2439 895 δὲ

495 934 662 997 ἔστω
708 928 986 1014 εὐανθὴς
1031 937 1139 995 καὶ
1182 929 1379 1014 λευκὴ
1426 935 1671 1013 ἔργον
1702 938 1814 1014 τῆς
1850 938 2233 1014 Ταραντίτης
2264 934 2442 1014 ἐργα-

496 1042 636 1112 σίας
690 1032 781 1112 ὡς
826 1039 1275 1125 διαφαίνεσθαι
1331 1032 1408 1099 τὸ
1456 1042 1638 1112 σῶμα
1688 1040 1797 1099 καὶ
1840 1032 1879 1116 ἡ
1923 1041 2155 1118 κρηπὶς
2200 1032 2442 1117 Ἀττικὴ

493 1142 602 1201 καὶ
644 1143 1073 1216 γυναικεία
1116 1134 1191 1201 τὸ
1237 1139 1745 1217 πολυσχιδές,
1791 1133 1829 1218 ἢ
1870 1134 1908 1217 ἦ
1957 1134 2150 1215 ἐμβὰς
2194 1146 2444 1202 Σικυω-

496 1247 604 1303 νία
661 1245 875 1316 πίλοις
929 1264 985 1303 τ.
1031 1248 1286 1316 λευκοῖς
1344 1241 1787 1321 ἐπιπρέπουσα
1831 1236 1855 1320 ΙΙ
1899 1245 2006 1304 καὶ
2048 1238 2087 1322 ἡ
2140 1239 2331 1321 ἐσθὴς
2376 1243 2441 1304 δὲ

499 1339 666 1407 ἔστω
712 1338 991 1424 εὐανθὴς
1021 1347 1129 1406 καὶ
1158 1339 1352 1425 λευκὴ
1384 1338 1669 1424 [ἔργον]
1699 1350 1811 1422 τῆς
1849 1349 2235 1423 Ταραντίνης
2267 1345 2446 1424 ε’ργα-

499 1452 659 1522 σίας,
705 1441 796 1522 ὡς
853 1449 1303 1523 διαφαίνεσθαι
1345 1441 1423 1509 τὸ
1470 1453 1653 1522 σῶμα
1696 1450 1804 1508 καὶ
1846 1442 1884 1525 ᾖ
1929 1450 2160 1526 κρηπὶς
2206 1444 2446 1528 Ἀττικὴ

499 1550 628 1624 [καὶ
670 1547 1112 1627 γυναικεία]
1152 1552 1289 1611 τῶν
1320 1551 1858 1627 πολυσχιδῶν,
1904 1544 1940 1627 ἣ
1973 1545 2166 1624 ἐμβὰς
2196 1555 2447 1611 Σικυω·

498 1656 604 1714 νία
647 1649 815 1711 det.
901 1652 997 1712 Ne
1051 1669 1209 1710 nunc
1268 1649 1503 1726 quidem
1547 1648 1937 1726 improbanda
1978 1650 2248 1711 videntur
2292 1669 2447 1726 quae

500 1754 638 1814 olim
684 1753 1183 1814 consentientibus
1212 1752 1481 1813 Fritsche
1527 1756 1586 1812 et
1615 1751 1877 1814 Dindorf
1915 1754 2159 1813 correxi.
2207 1749 2446 1832 ἔργον

499 1874 608 1933 pro
654 1874 770 1932 quo
799 1850 1007 1917 ΑΩΨ
1044 1858 1203 1916 1324
1235 1850 1287 1913 Β
1325 1854 1549 1915 habent
1583 1849 1760 1935 ἕρνα,
1799 1857 2085 1915 intrusum
2116 1858 2207 1915 est
2249 1855 2323 1914 ab
2353 1856 2445 1932 iis,

502 1959 604 2034 qui
645 1959 991 2027 nesciebant
1033 1976 1201 2018 usum
1245 1958 1493 2035 genitivi
1533 1958 1792 2033 partitivi
1836 1959 1963 2017 sine
1991 1980 2088 2033 τις
2121 1957 2273 2018 unde
2303 1974 2446 2033 pen-

504 2061 661 2139 deat,
685 2061 759 2121 de
784 2078 901 2137 quo
924 2062 1161 2137 saepius
1180 2062 1299 2120 iam
1316 2062 1643 2137 expositum
1661 2064 1764 2123 est.
1800 2060 2010 2135 quue
2024 2059 2219 2120 delevi
2231 2061 2447 2139 ἔργον.

502 2164 621 2225 Pro
666 2158 742 2227 τὸ
789 2165 1261 2243 πολυσχιδὲς
1304 2164 1516 2239 scripsi
1556 2169 1693 2225 τῶν
1724 2165 2228 2241 πολυσχιδῶν
2271 2160 2451 2237 idque

505 2267 980 2344 conjungendum
1016 2285 1147 2327 cum
1175 2270 1406 2347 κρηπὶς
1433 2268 1516 2326 ita
1550 2270 1615 2326 ut
1658 2270 1880 2326 certum
1925 2265 2219 2342 quoddam
2261 2283 2450 2342 genus

504 2369 902 2431 sandaliorum
946 2367 1313 2446 significetur
1344 2370 1651 2448 leviorum,
1698 2368 1910 2444 quibus
1937 2386 2048 2446 per
2077 2371 2342 2428 aestaten
2373 2369 2458 2427 uti

514 2471 788 2533 solebant
816 2471 1137 2532 secundum
1167 2472 1384 2533 Athen.
1414 2471 1499 2529 VI
1527 2490 1588 2547 p.
1624 2474 1725 2531 25.
1758 2488 1808 2529 c.
1848 2467 2225 2534 ὑπεδέδεντο
2254 2473 2321 2534 δὲ
2350 2474 2457 2532 καὶ

507 2577 864 2654 πολυσχιδῆ
908 2569 1220 2638 σανδάλια
1248 2580 1373 2638 τοῦ
1399 2574 1660 2653 θέρους.
1705 2577 2116 2651 γυναικεία
2159 2572 2459 2649 glossema

507 2676 721 2736 falsum
782 2693 974 2752 eoque
1019 2675 1410 2753 spernendum
1456 2692 1576 2735 sec.
1622 2673 1859 2734 Bekker
1904 2674 2172 2734 anecdot.
2217 2692 2279 2750 p.
2314 2677 2457 2733 273.

510 2782 755 2859 Κρηπὶς
785 2777 953 2855 εἶδος
979 2774 1396 2858 ὑποδήματος
1425 2774 1840 2857 ἀνδρικοῦ.
1880 2780 2011 2838 καὶ
2041 2781 2178 2836 ante
2206 2799 2457 2854 γυναικ.

511 2898 622 2945 om.
669 2878 808 2943 ΑΨ
861 2885 1048 2959 1324,
1092 2872 1140 2961 ἢ
1195 2884 1330 2941 ante
1372 2876 1412 2960 ἦ
1458 2873 1651 2957 ἐμβάς
1695 2897 1808 2939 om.
1854 2880 1915 2939 in
1957 2872 2107 2937 ΩΨ
2142 2881 2322 2942 1324.
2370 2878 2459 2941 Of.

511 2983 816 3043 Lucianea
859 3000 993 3042 mea
1034 3003 1095 3060 p.
1144 2987 1217 3043 91
1268 3000 1400 3058 sqq.

296 3101 349 3144 c.
384 3089 484 3146 16.
518 3088 627 3147 καὶ
672 3092 919 3149 ταῦτα
974 3082 1260 3164 ἀκριβῶς
1314 3078 1729 3164 ἐκμελετήσας
1773 3077 1797 3163 ΙΙ
1842 3101 1953 3144 om.
1997 3088 2248 3146 ταῦτα
2293 3082 2460 3144 det.

518 3186 840 3247 secundum
884 3180 1091 3248 ΑΩΨ
1146 3189 1324 3247 1324.

298 3308 349 3357 c.
389 3294 487 3351 18.
521 3285 734 3352 ὁπόσα
792 3285 876 3352 ὃν
921 3283 959 3368 ᾖ
1019 3292 1289 3368 δυσχερῆ
1346 3284 1627 3367 εὐχερῆ
1669 3288 2018 3365 λεγέσθω
2051 3284 2075 3365 ΙΙ
2105 3288 2465 3365 ψεγέσθω

521 3388 767 3472 (εὐχερῆ
782 3384 1192 3453 om.inAss¹P'
1226 3387 1411 3466 1324)
1426 3388 1492 3450 O.
1508 3389 1578 3448 F.
1593 3390 1910 3452 Hermann.
1939 3422 2024 3431 —
2046 3385 2266 3451 αὐτῶν
2291 3387 2467 3451 ελο-

519 3495 784 3569 μένων
830 3489 853 3574 ΙΙ
899 3486 1353 3576 [ἑλομένων]
1386 3509 1496 3555 om.
1537 3493 1598 3551 in
1626 3485 1832 3553 ΑΩΨ
1868 3493 2029 3551 1324
2077 3523 2151 3534 -
2203 3494 2330 3553 καὶ
2373 3486 2468 3569 ἢν

523 3591 743 3659 οὕτω
774 3590 967 3675 τύχῃ
1001 3591 1025 3676 ΙΙ
1057 3596 1241 3655 Recte
1277 3594 1544 3655 codicum
1587 3610 1897 3654 consensu.
1973 3591 2063 3653 Of.
2103 3610 2364 3652 normam
2394 3591 2473 3652 ad

525 3699 628 3758 Bis
657 3697 803 3757 Ace.
837 3714 888 3757 c.
928 3702 981 3757 1.
1014 3700 1386 3757 constitutam
1429 3731 1517 3740 —
1557 3692 1701 3759 κᾶν
1746 3700 1892 3776 περὶ
1934 3691 2250 3777 ὑβριστοῦ
2292 3718 2473 3771 τινος

526 3850 540 3864 .
589 3849 605 3863 .
654 3801 841 3880 λέγῃς
873 3796 897 3878 ΙΙ
928 3803 1063 3862 καὶ
1108 3795 1198 3879 ἢν
1244 3798 1407 3859 det.
1454 3797 1540 3859 Of.
1586 3799 1688 3857 Bis
1730 3798 1946 3859 Accus.
1992 3816 2045 3857 c.
2098 3803 2146 3862 1.

306 3921 361 3964 c.
397 3908 493 3964 19.
526 3892 674 3966 κόἶν
719 3923 877 3966 ποτε
925 3896 1335 3981 ἀπορήσῃς
1379 3896 1757 3980 πράγματος
1789 3895 1812 3981 ΙΙ
1844 3904 1952 3963 καὶ
1993 3896 2075 3980 ἢν
2104 3899 2253 3961 det
2282 3898 2356 3958 cf.
2401 3899 2479 3959 ad

527 4004 630 4064 Bis
671 4004 888 4064 Accus.
935 4020 987 4063 c.
1040 4008 1088 4068 1.
