2867 4525
461 264 583 323 302

1200 262 1580 317 ADNOTATIO
1617 263 1887 317 GRlTlCA.

674 439 831 516 quod
884 440 1059 499 alicui
1111 439 1213 500 vel
1276 455 1569 516 personae
1623 440 1725 500 vel
1772 438 1862 498 rei
1911 441 2151 514 praeter
2201 442 2435 499 ceteros
2487 456 2634 515 pro-

669 542 862 620 prium
907 544 998 602 est
1026 539 1102 600 cf.
1135 539 1310 600 Char.
1343 544 1401 601 9.
1448 535 1810 620 α’κρόπολιν
1853 535 1977 619 τὴν.
2014 533 2092 603 τὸ
2136 545 2457 619 τριπλοῦν
2501 552 2635 602 τεῒ-

662 667 782 723 χος
827 662 874 707 e.
921 646 1015 703 14.
1062 639 1099 706 ὃ
1144 639 1223 706 τὸ
1262 637 1553 723 διάδημα.
1625 643 1820 719 Fugit.
1854 645 1955 703 29.
1987 639 2024 706 ὁ
2055 637 2175 723 τὴν
2203 637 2488 724 κιθάραν
2517 643 2632 702 Bis

673 763 865 810 acone.
909 763 958 810 o.
997 749 1055 806 3.
1101 741 1137 808 ὃ
1182 740 1301 825 τὴν
1358 740 1633 825 σύριγγα,
1674 787 1690 803 .
1735 743 1950 821 quibus
2007 744 2276 806 omnibus
2334 745 2631 821 exemplis

671 848 949 910 docemur
991 847 1067 909 ab
1111 848 1226 908 hoe
1268 849 1402 908 loco
1447 842 1784 923 ἐνδεδυκός
1826 865 2004 924 posse
2047 846 2261 909 abesse
2302 880 2387 892 —
2430 848 2629 927 παρέ-

668 969 874 1030 πεμψε
907 947 931 1034 ΙΙ
963 952 1333 1032 παρέπεμπε
1363 943 1489 1012 1221
1517 984 1603 994 —
1633 946 2104 1026 ὑποδεδεμένον
2134 948 2447 1011 calceatum
2478 967 2624 1027 opp.

670 1049 1081 1133 α’νυπόδητος
1122 1086 1207 1098 --
1252 1049 1623 1132 ἀπηγμένην
1655 1047 1678 1133 ΙΙ
1722 1051 1783 1128 []
1843 1052 2074 1112 videtur
2125 1050 2428 1112 abundare
2484 1056 2628 1129 post

671 1152 1117 1231 ἀναδεδεμένοι
1146 1155 1209 1230 ἐς
1237 1148 1532 1218 τούπίσω
1563 1153 1729 1215 det.
1766 1187 1846 1198 -
1875 1148 2216 1236 πρόχειλός
2244 1153 2375 1217 ἐστι
2407 1149 2429 1237 Ι
2455 1176 2621 1235 προ·-

664 1252 879 1338 χειλής
926 1256 1071 1318 Oob.
1129 1289 1212 1301 -
1268 1252 1565 1333 λεπτὸς
1611 1299 1628 1317 .
1673 1299 1690 1316 .
1735 1270 1949 1321 τοῖν
2007 1264 2333 1320 σκελοῖν
2373 1251 2396 1338 ΙΙ
2439 1263 2501 1319 λ.
2548 1256 2625 1319 ἐκ

674 1371 855 1423 τοῖν
922 1366 1261 1422 σκελοῖν
1316 1358 1416 1419 Fr.
1486 1363 1806 1436 oonparato
1863 1358 2091 1423 Timon.
2142 1376 2195 1419 e.
2238 1361 2344 1419 26.
2410 1353 2624 1441 βαρὺς

672 1462 740 1525 ἐκ
796 1474 941 1525 τοῖν
1001 1468 1259 1526 σκελοῖν
1317 1494 1398 1506 -
1459 1460 1804 1540 ἐφθέγγετο
1863 1460 2497 1542 ἐπισεσυρμένον
2555 1485 2622 1524 τι

822 1613 838 1629 .
898 1567 1005 1627 καὶ
1072 1566 1329 1643 συνεχὲς
1385 1567 1496 1627 καὶ
1561 1563 1901 1645 ἐπίτροχον
1945 1558 1969 1645 ΙΙ
2009 1565 2286 1641 Pugnant
2337 1565 2494 1624 inter
2552 1581 2624 1624 so

670 1666 1169 1746 ἐπισεσυρμένον
1227 1671 1288 1726 et
1339 1666 1705 1747 ἐπίτροχον.
1790 1666 1945 1725 Nam
1990 1665 2150 1744 quod
2194 1666 2467 1726 ‹aelel-iter
2509 1685 2625 1743 per

669 1786 734 1829 se
777 1770 975 1847 currit,
1019 1769 1081 1829 id
1122 1786 1242 1829 non
1289 1786 1440 1846 opus
1484 1773 1574 1829 est
1614 1769 1787 1829 trahi.
1873 1767 2064 1843 Quam
2109 1768 2185 1830 ob
2227 1786 2354 1830 rem
2397 1769 2623 1829 mutavi

670 1870 1169 1952 ἐπισεσυρμένον
1212 1889 1250 1930 a
1293 1865 1475 1953 σύρω
1518 1872 1581 1930 in
1625 1870 2186 1953 ἐπισεσυρισμένον
2231 1889 2270 1930 a
2314 1875 2618 1952 συρίττω,

668 1978 911 2054 συρίζω
952 1975 992 2032 i.
1032 1991 1085 2034 e.
1132 1971 1468 2053 loquebatur
1506 1973 1780 2033 stridente
1838 1990 1967 2034 voce
2009 1965 2189 2053 (‚nos‘
2240 1970 2489 2053 Iisspeln‘)
2532 1974 2622 2032 ita

665 2079 732 2136 ut
773 2076 973 2136 littera
1015 2086 1065 2136 σ
1099 2078 1462 2152 personaret.
1540 2073 1836 2136 Perficere
1869 2093 2051 2136 ausus
2081 2094 2209 2136 sum
2237 2075 2393 2136 hano
2423 2076 2618 2136 malae

664 2177 803 2239 fidei
859 2180 1255 2239 coniecturam
1298 2176 1556 2255 legendo
1604 2197 1641 2240 σ
1667 2200 1708 2241 υ
1732 2201 1772 2241 ν
1800 2200 1828 2240 ε
1848 2201 1892 2257 χ
1918 2185 1974 2241 ω’
1999 2202 2032 2255 ς
2089 2180 2119 2241 ἐ
2145 2202 2194 2242 π
2219 2184 2301 2242 ίτ
2323 2201 2361 2260 ρ
2385 2203 2422 2243 ο
2445 2202 2486 2259 χ
2513 2201 2550 2242 ο
2574 2202 2616 2241 ν

670 2283 949 2342 continua
975 2279 1256 2341 celeritate
1284 2298 1393 2358 pro
1426 2284 1684 2361 συνεχὲς
1711 2285 1819 2344 καὶ
1849 2282 2192 2362 ἐπίτροχον
2212 2314 2300 2325 ——
2320 2279 2615 2346 α’ναδεδε·

666 2383 867 2456 μένον
925 2380 988 2458 ἐς
1046 2379 1339 2446 τούπίσω
1396 2378 1514 2464 τὴν
1566 2379 1790 2464 κόμην.
1842 2403 1891 2445 e.
1939 2387 1996 2444 3.
2043 2390 2240 2448 τοῦτο
2282 2386 2401 2460 μὲν
2444 2380 2618 2462 εὐγε-

668 2488 841 2560 νείας
898 2527 913 2543 .
974 2527 989 2542 .
1052 2528 1065 2542 .
1124 2479 1385 2564 σημεῖόν
1449 2484 1620 2548 ἐστιν
1677 2488 2214 2564 Αἰγυπτίας
2270 2483 2310 2567 ἡ
2375 2482 2543 2566 κόμη
2597 2480 2621 2567 Ι

668 2588 1158 2666 Αἰγυπτίοις
1203 2587 1365 2652 det.
1418 2589 1535 2650 del.
1579 2576 1626 2670 ἧ
1664 2584 1865 2669 κόμη
1911 2583 2008 2659 Ω,
2065 2591 2257 2667 reete,
2309 2606 2445 2649 nam
2508 2589 2618 2649 etsi

666 2708 785 2750 non
827 2708 1022 2767 panea
1063 2695 1200 2751 sunt
1243 2693 1544 2772 exempla,
1590 2692 1803 2768 quibus
1846 2696 2106 2752 extremo
2152 2692 2435 2751 enuntiati
2477 2690 2617 2750 loco

667 2791 992 2853 subiectum
1021 2792 1254 2853 additur
1281 2797 1386 2853 ant
1425 2795 1690 2871 iteratur,
1743 2793 1859 2854 hoo
1903 2797 2099 2853 tamen
2144 2794 2276 2853 loco
2322 2810 2393 2852 eo
2423 2793 2618 2851 minus

667 2896 1065 2955 necessarium
1110 2898 1219 2973 est,
1264 2895 1424 2971 quod
1468 2890 1634 2975 κόμη
1677 2897 1858 2972 paulo
1893 2900 2031 2955 ante
2059 2893 2381 2972 praecedit,
2426 2898 2493 2954 ut
2522 2910 2613 2953 se-

667 3015 855 3073 quens
898 2993 1100 3079 αυτὴν
1144 2996 1323 3058 facile
1368 3016 1440 3059 eo
1482 2996 1692 3059 referri
1727 2999 1932 3075 possit.

454 3117 504 3157 e.
575 3103 631 3159 4.
672 3105 739 3162 Τί
782 3093 905 3163 οὖν
944 3095 1067 3180 χρὴ
1110 3114 1322 3164 ποιεῖν
1365 3096 1529 3181 ᾖμᾶς
1581 3100 1898 3178 ἐνταῦθα;
1958 3103 2346 3180 παραδοκεῖν
2404 3093 2609 3162 αὐτὸν

450 3733 503 3775 5²

664 3196 702 3279 ἢ
746 3200 1053 3278 ἐθέλεις
1099 3197 1248 3281 ἐγὼ
1288 3196 1479 3278 αὖθις
1511 3198 1880 3279 ἐπάνειμι
1912 3202 1974 3279 ἐς
2002 3197 2080 3266 τὸ
2110 3210 2347 3266 πλοῖον
2380 3197 2406 3283 ΙΙ
2438 3203 2609 3280 signo

663 3305 1143 3382 interrogationis
1185 3306 1378 3382 posito
1419 3310 1559 3383 post
1599 3302 1763 3386 ημᾶς
1797 3307 2063 3382 sequitur
2090 3305 2375 3370 ἐνταῦθα
2406 3327 2610 3385 παρα·

664 3412 879 3472 δοκεῖν
909 3403 1112 3472 αὐτὸν
1154 3405 1193 3489 ἢ
1239 3408 1479 3485 ἐθέλεις
1524 3404 1649 3487 ἐγὼ
1686 3402 1877 3485 αὖθις
1909 3408 2219 3472 ἐπανίω
2251 3425 2609 3484 quamquam

660 3514 966 3588 praestare
1023 3511 1255 3572 videtur
1306 3529 1415 3576 om.
1468 3506 1592 3590 ἐγὼ
1638 3512 1893 3572 scribere
1939 3511 2302 3585 ἐπανίωμεν
2346 3514 2411 3569 ut
2453 3507 2611 3569 infra

662 3609 828 3678 α’λλὰ
872 3618 1203 3694 προίωμεν
1248 3612 1413 3674 det.

573 3719 624 3779 5.
659 3739 716 3778 τ.
762 3712 1071 3797 πρύμναν
1103 3712 1126 3798 ΙΙ
1158 3711 1470 3798 πρύμνην
1513 3714 1567 3778 21

450 3837 502 3877 c.
574 3823 630 3880 7.
663 3817 771 3882 οἶα
827 3814 1081 3883 ἐ’παθον
1139 3821 1446 3896 πλέοντες
1489 3810 1535 3898 ἢ
1584 3814 1675 3895 ὡς
1719 3816 1756 3883 ὃ
1815 3813 2014 3900 α’στὴρ
2073 3813 2315 3894 αὐτοὺς
2359 3819 2606 3881 ἔσωσεν

662 3916 685 4002 ΙΙ
716 3925 847 3983 καὶ
891 3920 1056 3981 det.

451 4037 499 4086 θ.
573 4025 629 4081 8.
661 4024 793 4083 καὶ
838 4018 1302 4104 φοβερωτάτην
1346 4037 1522 4088 ποιεῖ
1561 4048 1617 4087 τ.
1649 4018 2037 4102 κυματωγῇν
2068 4018 2094 4104 ΙΙ
2124 4040 2239 4083 om.
2269 4025 2405 4084 καὶ
2435 4018 2602 4082 det.
