2867 4525
1065 295 1219 350 ΠΕΡΙ
1252 294 1383 349 ΤΟΥ
1417 293 1632 350 ΟῙΚΟΥ.
2309 297 2429 356 151

262 468 596 552 γυναικῶν
666 469 775 534 καὶ
844 465 1095 551 κόσμου
1160 468 1272 534 καὶ
1334 467 1584 549 χρυσοῦ
1649 464 1897 545 ἐκεῖνος
1967 463 2429 554 ἐμνημόνευσε,

264 561 473 653 κᾶμοὶ
517 566 931 655 ἐπιτρέψατε
964 567 1357 656 χρήσασθαι
1383 570 1482 655 τῷ
1513 566 2039 654 παραδείγματι·
2099 569 2275 656 φημὶ
2304 567 2431 657 γὰρ

270 694 383 736 ουν
427 671 540 737 καὶ
583 669 842 756 γυναιξὶ
884 672 1121 750 καλαῖς
1163 695 1279 754 ουχ
1322 662 1516 749 ὅπως
1556 668 2049 756 συλλαμβάνειν
2093 667 2161 747 ἐς
2201 667 2278 737 τὸ
2319 663 2429 737 εὖ·

266 768 738 861 μορφότερον,
774 767 948 841 ἀλλὰ
998 775 1110 842 καὶ
1154 770 1635 840 ἐναντιοῦσθαι
1677 771 1797 839 τὸν
1839 771 2090 857 κόσμον
2132 771 2252 839 τὸν
2294 796 2428 839 πο-

267 872 414 954 λύν,
481 868 743 942 ὁπόταν
805 877 941 942 τῶν
992 873 1514 961 ἐντυγχανόντων
1571 871 1848 951 ἕκαστος
1902 868 2036 941 ὕπὸ
2095 877 2217 941 τοῦ
2267 899 2426 960 χρυ-

267 977 392 1042 σοῦ
439 977 553 1044 καὶ
608 980 744 1044 τῶν
800 978 1020 1046 λίθων
1073 979 1208 1044 τῶν
1262 977 1651 1044 πολυτελῶν
1706 974 2058 1062 ἐκπλαγεὶς
2114 969 2263 1044 ἀντὶ
2305 979 2427 1044 τοῦ

265 1068 669 1147 &naenia-’⁸
626 1106 666 1165 η
722 1078 931 1166 χρόαν
983 1068 1028 1169 ἢ
1081 1067 1447 1169 βλέμμαοῆ
1504 1067 1816 1165 δειρὴν
1771 1104 1812 1165 η
1844 1081 2062 1169 πῆχυν
2104 1069 2145 1169 ἢ
2190 1080 2424 1147 δάκτυ·
2514 1101 2521 1105 ’

266 1178 413 1263 λον,
471 1176 508 1249 ὁ
554 1180 628 1249 δὲ
677 1176 858 1250 ταῦτ’
910 1179 1111 1270 ἀφεὶς
1155 1180 1224 1260 ἐς
1263 1179 1384 1269 τὴν
1430 1169 1745 1266 σαρδώ”
1702 1206 1743 1268 η
1787 1178 1906 1249 τὸν
1951 1172 2423 1269 σμάραγδον’”
2380 1208 2421 1268 η

262 1280 384 1349 τὸν
438 1282 647 1371 ὅρμον
701 1274 745 1374 ἢ
798 1283 877 1352 τὸ
933 1289 1175 1372 ψέγων
1221 1279 1602 1370 ἀποβλέπῃ,
1647 1280 1822 1349 ὥστε
1865 1277 2152 1367 ἄχθοιτο
2199 1277 2280 1351 ἂν
2324 1282 2424 1352 εἰ·

150 1399 246 1451 199
265 1383 481 1463 κότως
544 1390 990 1477 παρορωμένη
1058 1384 1173 1454 διὰ
1226 1383 1346 1453 τὸν
1395 1383 1680 1469 κόσμον,
1746 1378 1864 1453 ούκ
1920 1378 2215 1472 άγόντων
2271 1409 2423 1469 σχο·

262 1484 384 1573 λὴν
440 1485 741 1556 ἐπαινεῖν
798 1481 1004 1578 αύτὴν
1059 1490 1194 1556 τῶν
1248 1490 1548 1564 θεατῶν,
1610 1479 1782 1553 ἀλλὰ
1839 1485 2173 1573 πάρεργον
2218 1490 2422 1577 αὗτῆς

259 1593 687 1673 ποιουμένων
739 1589 860 1677 τὴν
903 1594 1099 1658 θέαν.
1192 1595 1291 1658 16.
1333 1583 1507 1674 όπερ
1551 1582 1796 1678 ἀνάγκη
1806 1640 1827 1671 ,
1880 1584 2101 1674 οἶμαι,
2160 1594 2417 1657 παθεῖν
2453 1595 2525 1651 16

259 1691 376 1757 καὶ
432 1688 550 1759 τὸν
606 1690 675 1759 ἐν
727 1684 901 1760 οὕτω
945 1693 1177 1771 καλοῖς
1220 1691 1438 1777 ἔργοις
1483 1689 1719 1776 λόγους
1762 1689 2173 1758 δεικνύοντα·
2261 1691 2421 1757 λαν-

258 1791 470 1859 θάνει
510 1790 637 1881 γὰρ
682 1792 751 1861 ἐν
793 1798 891 1881 τῶ
933 1799 1212 1880 μεγέθει
1253 1796 1387 1860 τῶν
1428 1794 1649 1859 καλῶν
1679 1790 1755 1860 τὸ
1790 1791 2029 1876 λεχθὲν
2056 1795 2169 1861 καὶ
2202 1785 2420 1877 άμαυ-

260 1897 498 1982 ροῦται
523 1897 650 1963 καὶ
694 1895 1211 1982 συναρπάζεται,
1255 1894 1576 1982 καθάπερ
1621 1894 1684 1962 εἰ
1727 1893 1959 1978 λύχνον
1992 1919 2099 1974 τις
2140 1894 2210 1972 ἐς
2246 1918 2418 1980 πυρ-

258 1996 459 2064 καῖὰν
501 1998 792 2086 μεγάλην
840 2002 1064 2086 φέρων
1110 1986 1518 2085 ἐμβάλλοι
1474 2023 1515 2085 η
1560 1996 1870 2086 μύρμηκα
1914 1991 2017 2064 ἐπ’
2055 1994 2419 2085 ἐλέφαντος

258 2124 298 2184 η
355 2098 656 2187 καμήλου
719 2099 1023 2168 δεικνύοι.
1110 2103 1308 2168 τοῦτο
1363 2103 1521 2187 γοῦν
1575 2101 1946 2222 φυλακτέον
1999 2102 2097 2185 τῷ
2141 2101 2416 2186 λέγοντι.

257 2202 375 2269 καὶ
432 2205 713 2289 προσέτι
763 2200 895 2290 μὴν
937 2203 1051 2271 καὶ
1092 2199 1213 2291 τὴν
1256 2201 1489 2292 φωνὴν
1535 2194 1739 2290 αυτὴν
1784 2199 2305 2289 ἐπιταράττεται
2348 2198 2416 2269 ἐν
2512 2221 2519 2225 ’

259 2327 475 2382 ουτως
535 2300 817 2392 εὐφώνῳ
875 2307 988 2373 καὶ
1039 2299 1302 2396 ἠχήεντι
1355 2305 1519 2393 οἴκῳ
1565 2306 1805 2391 λέγων·
1891 2298 2417 2392 ἀντιφθέγγεται

254 2403 385 2492 γὰρ
430 2408 541 2473 καὶ
589 2402 955 2494 ἀντιφωνεῖ
1003 2409 1117 2475 καὶ
1161 2403 1510 2492 ἀντιλέγει,
1553 2408 1811 2492 μᾶλλον
1855 2405 1929 2474 δὲ
1974 2404 2417 2474 ἐπικαλύπτει

254 2505 378 2592 τὴν
418 2507 613 2626 βοήν,
674 2507 819 2577 οἷόν
860 2535 930 2577 τι
970 2511 1083 2576 καὶ
1127 2508 1424 2595 σάλπιγξ
1465 2508 1595 2596 δρᾷ
1637 2507 1754 2577 τὸν
1799 2502 2022 2590 αυλόν,
2069 2507 2130 2574 εἷ
2175 2529 2415 2575 συναυ-

257 2610 469 2691 λοῖεν,
516 2636 557 2698 η
600 2612 758 2688 τούς
796 2609 1151 2689 κελευστὰς
1196 2607 1234 2697 ἦ
1283 2609 1629 2693 θάλαττα,
1682 2606 1944 2678 ὁπόταν
1987 2607 2163 2694 πρὸς
2205 2609 2415 2692 κύμα-

253 2734 375 2789 τος
428 2695 588 2794 ἦχον
642 2706 918 2801 ἐπᾴδειν
961 2716 1045 2800 τῇ
1088 2712 1346 2801 ειρεσίᾳ
1388 2713 1726 2778 θέλωσιν·
1814 2710 2165 2796 ἐπικρατεῖ
2202 2708 2328 2796 γὰρ
2373 2736 2413 2799 η

251 2814 734 2933 μεγαλοφωνία
783 2816 896 2882 καὶ
938 2817 1345 2903 κατασιωπᾷ
1385 2812 1464 2881 τὸ
1510 2807 1732 2904 ἦττον.
1824 2818 1921 2879 17.
1963 2813 2077 2879 καὶ
2119 2808 2251 2898 μὴν
2292 2803 2413 2876 κά·-
2448 2823 2515 2878 17

251 2929 464 2997 κεῖνο,
524 2908 694 3002 όπερ
747 2918 875 3006 εφη
930 2911 966 2984 ὁ
1017 2916 1381 2998 α’ντίδικος,
1441 2911 1534 2994 ῶς
1579 2909 1712 3002 ἄρα
1756 2913 2086 3001 ἐπεγείρει
2129 2907 2165 2979 ὁ
2209 2911 2413 2990 καλὸς

253 3013 438 3096 οἶκος
489 3016 606 3086 τὸν
651 3019 928 3104 λέγοντα
970 3021 1082 3087 καὶ
1126 3017 1647 3105 προθυμότερον
1691 3014 2215 3102 παρασκευάζει,
2261 3012 2412 3099 ἐμοὶ

252 3120 439 3199 δοκεῖ
485 3117 562 3188 τὸ
625 3118 925 3188 ἐναντίον
969 3133 1225 3189 ποιεῖν·
1314 3119 1667 3210 ἐκπλήττει
1714 3116 1841 3206 γὰρ
1896 3120 2010 3186 καὶ
2054 3123 2257 3206 φοβεῖ
2298 3118 2412 3184 καὶ

248 3219 370 3289 τὸν
434 3221 753 3308 λογισμὸν
819 3216 1251 3308 διαταράττει
1306 3227 1418 3291 καὶ
1478 3215 1854 3309 δειλότερον
1912 3219 2255 3309 ἐργάζεται
2311 3218 2410 3287 ἐν·

247 3322 680 3409 θυμούμενον
754 3319 845 3404 ὥς
906 3319 1227 3392 ἁπάντων
1293 3323 1475 3393 ἐστὶν
1542 3324 1888 3408 αἴσχιστον
1955 3321 2024 3389 ἐν
2090 3315 2408 3409 εύμόρφῳ

244 3433 474 3513 χωρίῳ
528 3426 619 3515 μὴ
676 3422 955 3512 ὁμοίους
1008 3432 1389 3516 φαίνεσθαι
1431 3425 1587 3505 τοὺς
1631 3425 1885 3511 λόγους.
1960 3422 2239 3510 ἐλέγχων
2281 3421 2408 3509 γὰρ

245 3519 445 3607 οὗτος
489 3552 563 3613 γε
605 3522 642 3595 ὁ
691 3527 1183 3616 φανερώτατος,
1229 3520 1464 3617 ὥσπερ
1509 3517 1592 3594 ὃν
1630 3527 1698 3595 εἴ
1736 3550 1840 3604 τις
1878 3526 2268 3592 πανοπλίαν
2298 3548 2409 3590 κα·

242 3630 367 3720 λὴν
428 3629 618 3710 ἐνδὺς
673 3629 911 3699 ἔπειτα
971 3628 1209 3717 φεύγοι
1266 3628 1397 3716 πρὸ
1452 3632 1586 3697 τῶν
1633 3624 1872 3711 ἄλλων,
1920 3624 2411 3716 ἐπισημότερος

243 3721 340 3799 ῶν
386 3731 608 3811 δειλὸς
654 3727 791 3800 άπὸ
838 3735 971 3799 τῶν
1013 3724 1268 3800 ὅπλων.
1326 3734 1526 3798 τοῦτο
1573 3731 1646 3797 δέ
1687 3756 1808 3816 μοι
1847 3730 2033 3798 δοκεῖ
2060 3729 2410 3816 λογισάμε-

138 3848 229 3900 200
252 3859 368 3914 νος
423 3835 536 3901 καὶ
591 3829 628 3900 ὁ
687 3836 808 3900 τοῦ
859 3829 1144 3923 Ὁμήρου
1200 3828 1419 3925 ῥήτωρ
1482 3831 1728 3912 ἐκεῖνος
1771 3825 2144 3921 εὐμορφίας
2189 3830 2409 3916 ἐλάχι-

245 3959 408 4004 στον
453 3940 837 4024 φροντίσαι,
881 3938 1136 4021 μᾶλλον
1185 3936 1257 4003 δὲ
1300 3937 1412 4002 καὶ
1455 3937 1800 4013 παντελῶς
1833 3930 2017 4022 ι’ίῖδρι
2045 3936 2226 4023 φωτὶ
2258 3933 2408 4001 ἑαυ-

240 4037 363 4107 τὸν
423 4031 826 4119 ἀπεικάσαι,
885 4038 998 4105 ἵνα
1052 4032 1234 4125 αὐτῷ
1290 4031 1835 4125 παραδοξότερον
1892 4044 2219 4126 φαίνηται
2273 4038 2407 4102 τῶν
