2867 4525
1031 287 1185 340 ΠΕΡΙ
1219 287 1604 346 ΠΑΡΔΣΙΤΟΥ.
2325 288 2404 345 25

430 463 635 525 ΤΥΧ.
685 449 951 542 Ὀρθῶς
1011 457 1261 525 ἐκείνου
1316 482 1391 543 γε
1463 456 1778 536 εἰπόντος
1835 457 2045 536 οὕτως
2105 451 2407 545 ἀπεμνη-

237 558 602 643 μόνευσας.

420 665 644 727 ΠΛΡ.
691 661 776 727 Εἰ
821 662 894 728 δὲ
936 666 1198 746 μετέχει
1238 662 1494 729 τούτων
1541 658 1861 729 ἁπάντων
1904 657 2407 751 ἡπαρασιτική,

239 768 315 829 τί
362 751 444 828 όῖν
493 756 658 828 ἄλλο
703 752 746 851 ἢ
788 765 901 830 καὶ
948 756 1111 853 αὗτὴ
1157 770 1347 854 τέχνη
1396 754 1478 832 ὃν
1524 765 1665 854 ε’ίης

328 853 345 866 ²
426 870 637 931 TYX.
693 874 898 954 Τέχνη
942 865 1091 952 γάρ,
1135 866 1329 954 εἴπερ
1375 859 1589 945 οὕτως
1632 866 1784 949 ἔχει.

417 970 646 1033 ΠΛΡ.
695 971 870 1052 Φέρε
915 968 992 1054 δὴ
1039 961 1206 1035 καθ’
1259 967 1537 1034 ἕκαστον
1578 981 1725 1046 τοῖς
1758 975 1875 1054 τῆς
1904 972 2132 1055 τέχνης
2161 967 2409 1035 ε’ίδεσιν

242 1064 744 1154 ἐφαρμόζοντες
799 1067 918 1157 τὴν
988 1064 1471 1158 παρασιτικήν,
1542 1069 1603 1136 εἶ
1660 1068 1962 1157 συνᾴδει,
2030 1073 2406 1154 σκοπῶμεν,

243 1164 282 1235 ὅ
331 1172 494 1256 περὶ
543 1164 745 1257 αὖτῆς
790 1170 1016 1257 λόγος,
1078 1161 1120 1258 ἢ
1160 1171 1480 1257 καθάπερ
1528 1173 1600 1239 αἱ
1645 1174 1938 1258 πονηραὶ
1979 1170 2216 1257 χύτραι
2261 1172 2411 1239 δια·

132 1270 649 1358 842κρουόμεναι
695 1271 959 1359 σαθρὸν
1005 1267 1539 1362 ἀποφθέγγεται.
1565 1277 1606 1358 †
1638 1278 1739 1356 (cf.
1784 1278 2009 1355 adnot.)
2054 1274 2158 1341 δεῖ
2184 1280 2411 1342 τοίνυν

246 1369 426 1441 εἶναι
481 1377 595 1441 καὶ
651 1374 895 1462 ταύτην
955 1373 1185 1464 ὥσπερ
1237 1380 1348 1444 καὶ
1408 1381 1641 1444 πᾶσαν
1684 1385 1915 1466 τέχνην
1974 1376 2277 1464 σύστημα
2343 1375 2413 1442 ἐκ

241 1470 723 1563 καταλήψεων·
821 1481 1095 1564 πρῶτον
1154 1480 1275 1564 μὲν
1331 1478 1407 1548 τὸ
1470 1479 1850 1564 δοκιμάζειν
1891 1481 2005 1546 καὶ
2050 1478 2412 1563 διακρίνειν

245 1576 441 1655 ὅστις
506 1567 587 1645 ἂν
662 1577 1046 1668 ἐπιτήδειος
1115 1586 1374 1668 γένοιτο
1446 1587 1719 1670 τρέφειν
1788 1574 2024 1661 αὖτόν,
2097 1583 2211 1648 καὶ
2276 1579 2413 1667 ὅτῳ

243 1694 656 1765 παρασιτεῖν
702 1674 1072 1768 ἀρξάμενος
1116 1677 1234 1753 ούκ
1290 1674 1369 1752 ἂν
1412 1689 1793 1772 μεταγνοίη.
1878 1672 1922 1768 ἢ
1963 1679 2081 1748 τὸν
2124 1681 2247 1765 μὲν
2293 1675 2413 1767 ἆρ-

243 1783 720 1870 γυρογνώμονα
775 1788 1005 1873 τέχνην
1061 1785 1212 1853 τινὰ
1266 1780 1570 1875 φήσομεν
1624 1785 1824 1868 ἔχειν,
1893 1778 2071 1874 ᾗπερ
2130 1782 2415 1852 ἐπίστα-

244 1912 365 1952 ται
409 1885 873 1971 διαγινώσκειν
930 1887 1016 1953 τά
1072 1912 1146 1954 τε
1188 1889 1469 1977 κίβδηλα
1521 1891 1654 1954 τῶν
1702 1884 2129 1971 νομισμάτων
2173 1891 2284 1955 καὶ
2327 1886 2413 1953 τὰ

245 1982 374 2076 μή,
427 1992 666 2055 τοῦτον
724 1989 796 2056 δὲ
841 1984 998 2056 ὂῖνευ
1042 1994 1273 2077 τέχνης
1333 1990 1692 2075 διακρίνειν
1748 1987 1905 2067 τούς
1947 2013 2022 2055 τε
2061 1988 2416 2076 κιβδήλους

245 2095 381 2158 τῶν
429 2085 818 2177 ἀνθρώπων
861 2094 975 2158 καὶ
1019 2089 1177 2170 τούς
1223 2085 1555 2179 ἀγαθούς,
1608 2093 1721 2159 καὶ
1764 2094 1977 2158 ταῦτα
2021 2085 2137 2174 οὐχ
2182 2115 2415 2177 ωσπερ

247 2197 382 2259 τῶν
427 2192 862 2280 νομισμάτων
918 2195 1031 2260 καὶ
1074 2218 1211 2259 των
1263 2188 1652 2281 ἀνθρώπων
1699 2219 2008 2283 φανερων
2052 2188 2259 2274 εύθύς
2302 2221 2416 2264 ον·-

246 2322 422 2381 των,
481 2291 651 2363 αυτὰ
706 2300 936 2380 μέντοι
995 2305 1207 2364 ταῦτα
1264 2299 1373 2363 καὶ
1431 2293 1467 2364 o‘
1530 2295 1748 2386 σοφὸς
1793 2295 2165 2385 Εὐριπίδης
2213 2323 2419 2364 κατα-

250 2405 593 2488 μέμφεται
637 2400 880 2485 λέγων·

514 2494 774 2587 ἄνδρων
821 2493 884 2567 δ’
936 2493 1073 2588 ότῳ
1113 2498 1236 2587 χρὴ
1280 2499 1399 2567 τὸν
1444 2500 1641 2568 κακόν
1687 2501 2042 2584 διειδέναι,

514 2597 737 2682 οῧδεὶς
773 2601 1112 2690 χαρακτὴρ
1159 2602 1502 2691 ἐμπέφυκε
1547 2602 1829 2687 σώματι.

146 2698 311 2792 84,θῷ
361 2704 438 2792 δὴ
487 2708 597 2773 καὶ
643 2707 890 2791 μείζων
933 2701 972 2794 ἦ
1021 2708 1142 2771 τοῦ
1171 2710 1555 2788 παρασίτου
1585 2709 1795 2790 τέχνη,
1842 2696 1885 2792 ἥ
1925 2728 1999 2788 γε
2027 2703 2255 2770 καὶτὰ
2304 2696 2416 2770 055-

251 2831 390 2884 τως
444 2801 661 2895 ἄδηλα
712 2809 823 2875 καὶ
880 2801 1109 2896 ἇφανῆ
1159 2807 1415 2890 μᾶλλον
1470 2809 1590 2892 τῆς
1630 2808 1952 2892 μαντικῆς
1993 2803 2299 2891 γνωρίζει
2341 2829 2416 2871 τε

250 2912 365 2977 καὶ
412 2905 576 2976 οἶδε.
666 2907 858 2976 5.τό
917 2909 992 2975 δέ
1032 2933 1107 2995 γε
1163 2907 1588 2975 ἐπίστασθαι
1641 2906 1877 2994 λόγους
1921 2908 2133 2991 λέγειν
2177 2905 2483 2994 επιτη-ἴ)

255 3011 480 3089 δείους
531 3014 643 3079 καὶ
712 3011 1080 3098 πράγματα
1138 3010 1461 3095 πράττειν
1517 3003 1614 3076 δι’
1678 3003 1770 3076 ὦν
1832 3008 2251 3076 οἰκειώσεται
2305 3010 2417 3075 καὶ

256 3106 700 3180 ευνούστατον
737 3112 973 3181 ἑαυτὸν
1018 3116 1117 3200 τῷ
1157 3117 1478 3200 τρέφοντι
1523 3106 1894 3191 ἀποδείξει,
1941 3097 2051 3197 αρ’
2106 3107 2181 3179 οὗ
2230 3115 2418 3178 συνέ-

255 3237 429 3292 σεως
472 3216 586 3281 καὶ
631 3210 1078 3305 καταλήψεως
1120 3213 1495 3303 ερρωμένης
1541 3210 1714 3282 εἶναί
1759 3236 1869 3281 σοι
1915 3214 2128 3297 δοκεῖ,-

439 3323 648 3383 TYX.
695 3321 832 3385 Καὶ
876 3316 1084 3401 μάλα.

429 3423 652 3488 ΠΛΡ.
705 3418 798 3486 Τὸ
849 3420 922 3487 δέ
962 3443 1036 3505 γε
1067 3443 1136 3485 εν
1166 3422 1316 3496 ταῖς
1347 3414 1728 3486 ἑστιάσεσιν
1762 3411 1995 3495 αὐταῖς
2025 3415 2215 3496 ὅπως
2243 3441 2419 3483 παν-

252 3518 372 3598 τὸς
421 3513 725 3589 ἀπέλθοι
768 3524 976 3589 πλέον
1035 3521 1198 3605 έχων
1255 3524 1366 3589 καὶ
1411 3520 1923 3607 παρευδοκιμῶν
1966 3542 2122 3597 τους
2163 3544 2252 3607 μη
2299 3518 2417 3608 τὴν

257 3617 468 3711 αυτὴν
541 3616 724 3709 αυτῷ
791 3633 1224 3712 κεκτημένους
1277 3628 1539 3711 τέχνην,
1600 3619 1755 3689 ἄνευ
1812 3618 1996 3699 τινὸς
2053 3612 2249 3707 λόγου
2307 3625 2419 3688 καὶ

257 3729 512 3812 σοφίας
556 3723 990 3810 πράττεσθαι
1039 3723 1206 3808 offen,-

440 3833 648 3893 TYX.
705 3820 1054 3911 Οὐδαμῶς.

435 3931 658 3997 ΠΛΡ.
712 3934 799 3996 Τί
841 3928 941 4009 δέ,
984 3926 1065 3994 τὸ
1112 3925 1539 3994 ἐπίστασθαι
1582 3924 1705 4005 τὰς
1749 3919 1991 4012 ἆρετὰς
2033 3927 2145 3992 καὶ
2188 3931 2421 4002 κακίας

263 4034 398 4097 τῶν
467 4036 702 4098 σιτίων
765 4032 877 4097 καὶ
956 4031 1089 4097 τῶν
1168 4024 1362 4113 ὄψων
1426 4029 2080 4115 πολυπραγμοσύνης
2147 4021 2418 4108 ἆτέχνου
