2867 4525
999 274 1154 330 ΠΕΡΙ
1185 274 1318 330 ΤΩΝ
1354 274 1669 330 ΔΙΨΑΔΩΝ.
2287 280 2409 340 169

228 447 361 515 τὸν
427 446 773 515 Τάνταλον
827 443 1203 535 γράφουσιν
1257 444 1325 512 ἐν
1384 447 1580 534 λίμνῃ
1636 445 1895 515 ἑστῶτα
1923 452 2062 517 4καὶ
2120 444 2406 537 ἇρυόμε-

230 575 360 618 νον
411 552 534 617 τοῦ
588 540 861 627 ὕδατος,
918 544 1011 626 ῶς
1062 553 1220 615 πίοι
1274 546 1388 635 δή,
1443 546 1520 615 τὸ
1567 553 1813 638 θηρίον
1860 549 1933 617 δὲ
1974 549 2096 641 τὴν
2141 553 2404 639 διψάδα

231 648 630 741 ἐμπεφυκὸς
674 644 857 737 αύτῷ
898 653 1524 736 περιεσπειρᾶσθαι
1566 654 1665 739 τῷ
1699 652 1888 731 ποδί,
1931 658 2047 720 καί
2072 678 2264 733 τινας
2289 680 2404 742 γυ-

229 767 473 833 ναῖκας
530 749 1040 841 ὑδροφορούσας
1098 746 1238 837 ἅμα
1282 752 1544 831 πολλὰς
1584 768 1892 838 καταχεῖν
1933 754 2012 822 τὸ
2060 754 2237 842 ὕδωρ
2286 752 2404 824 αύ-

225 858 377 924 τοῦ.
447 857 741 943 πλησίον
795 854 869 922 δὲ
913 847 1016 941 ᾠὰ
1059 859 1337 923 κεῖσθαι
1381 854 1496 922 οἶα
1537 859 1675 923 τῶν
1720 859 2074 942 στρουθῶν
2118 856 2404 943 ἐκείνων,

229 955 358 1035 οὓς
414 956 582 1045 ἕφην
640 958 867 1045 θηρᾶν
909 953 1067 1035 τοὺς
1112 956 1590 1045 Γαράμαντας·
1677 958 2069 1045 γεγράφθαι
2112 960 2185 1027 δὲ
2230 960 2404 1047 πρός

229 1051 740 1145 τοῦπίγραμμα,
789 1052 864 1126 οὗ
904 1072 1131 1145 χεῖρον
1174 1058 1248 1126 δὲ
1290 1062 1403 1127 καὶ
1453 1052 1615 1127 αὖτό
1665 1059 1903 1143 εἰπεῖν,

375 1169 549 1229 Τοῖα
591 1153 921 1242 παθόντ’,
969 1156 1181 1245 οἶμαι,
1223 1162 1336 1228 καὶ
1389 1160 1733 1230 Τάνταλον
1779 1163 2084 1242 αἴθοπος
2127 1164 2235 1232 ἰοῦ

451 1260 729 1351 μηδαμὰ
773 1264 1093 1347 κοιμῆσαι
1138 1262 1470 1351 διψαλέην
1513 1256 1776 1353 ὀδύνην.

368 1365 478 1431 καὶ
522 1368 827 1432 Δαναοῖο
871 1363 1074 1448 κόρας
1113 1378 1303 1433 τοῖον
1344 1370 1567 1433 πίθον
1613 1360 1731 1434 οὑκ
1774 1359 2160 1455 ἂναπλῆσαι

454 1464 600 1533 αἰὲν
644 1464 1105 1545 ἐπαντλούσας
1146 1461 1509 1556 ὑδροφόρῳ
1553 1467 1850 1556 καμάτῳ.

232 1567 343 1636 ἔτι
395 1569 507 1636 καὶ
554 1562 726 1635 ἄλλα
781 1567 912 1657 ἔπη
971 1568 1257 1657 τέτταρά
1310 1568 1457 1637 ἐστι
1510 1572 1669 1652 περὶ
1723 1573 1857 1636 τῶν
1912 1564 2097 1658 ᾠῶν,
2154 1574 2264 1640 καὶ
2310 1570 2400 1652 ῶς

235 1665 718 1755 ἀναιρούμενος
775 1665 944 1738 αὑτὰ
998 1669 1248 1759 ἐδήχθη
1275 1687 1290 1701 ·
1377 1662 1533 1736 ἀλλ’
1586 1664 1806 1739 οῧκέτι
1847 1676 2189 1761 μέμνημαι
2232 1672 2400 1742 ἐκεί-

233 1796 387 1837 νων.
464 1778 523 1841 7.
571 1773 959 1858 συλλέγουσι
1006 1772 1079 1840 δὲ
1125 1768 1257 1859 ἄρα
1299 1771 1386 1839 τὰ
1432 1766 1536 1858 ᾢὰ
1565 1774 1677 1839 καὶ
1722 1767 2181 1843 ἐσπουδάκασι
2238 1778 2400 1860 περὶ
2436 1782 2468 1836 7

236 1867 409 1941 αὑτὰ
454 1874 523 1941 οἱ
567 1880 921 1958 περίοικοι,
968 1868 1087 1958 οὑχ
1127 1870 1222 1953 ῶς
1263 1888 1504 1964 φαγεῖν
1531 1874 1759 1960 μόνον,
1793 1868 1965 1942 ἀλλὰ
1994 1879 2107 1944 καὶ
2139 1877 2399 1945 σκεύεσι

229 1977 527 2063 χρῶνται
568 1975 974 2055 κενώσαντες
1015 1979 1130 2044 καὶ
1173 1975 1542 2063 ἐκπώματα
1584 1980 1944 2046 ποιοῦνται
1987 1972 2117 2045 ἄπ’
2154 1976 2401 2047 αὐτῶν·

120 2094 220 2146 239
241 2070 320 2145 οὗ
376 2076 503 2164 γὰρ
559 2076 783 2162 ἔχουσι
837 2078 1224 2167 κεραμεύειν
1270 2078 1384 2147 διὰ
1427 2078 1504 2147 τὸ
1552 2080 1837 2166 ψάμμον
1882 2075 2057 2147 εἶναι
2096 2081 2218 2170 τὴν
2259 2084 2399 2171 γῆν.

239 2178 302 2246 εἰ
360 2179 434 2248 δὲ
487 2183 601 2248 καὶ
658 2180 918 2268 μεγάλα
972 2178 1317 2271 εὑρεθείη,
1376 2182 1488 2248 καὶ
1545 2183 1740 2249 πῖλοι
1781 2188 2119 2271 γίγνονται
2164 2182 2283 2249 δύο
2330 2182 2400 2249 ἐκ

234 2285 359 2349 τοῦ
402 2278 541 2369 ᾤοῦ
583 2281 898 2352 ἑκάστου·
970 2282 1047 2352 τὸ
1094 2283 1222 2372 γὰρ
1263 2280 1597 2372 ἡμίτομον
1626 2279 1936 2371 ἑκάτερον
1967 2278 2283 2372 ἆποχρῶν
2311 2289 2397 2376 τῇ

7 2459 21 2492 ⁸
236 2486 429 2572 παρὰ
472 2485 558 2553 τὰ
602 2483 726 2574 ιρά,
770 2489 883 2555 καὶ
928 2487 1208 2556 ἐπειδὰν
1253 2490 1609 2576 προσέλθῃ
1656 2484 1692 2555 ὅ
1742 2484 2133 2575 ἅνθρωπος,
2180 2488 2251 2558 ἐκ
2278 2494 2397 2580 τῆς

233 2588 523 2675 ψάμμου
588 2587 1043 2673 ἐξερπύσασαι
1109 2589 1425 2657 δάκνουσι
1479 2588 1599 2656 τὸν
1653 2590 2140 2676 κακοδαίμονα·
2230 2586 2265 2658 ό
2325 2591 2398 2658 δὲ

233 2690 486 2773 πάσχει
519 2689 757 2759 ’ἐκεῖνα
806 2689 892 2757 τὰ
944 2691 1182 2779 μικρὸν
1228 2691 1621 2779 ἔμπροσθεν
1667 2689 1981 2779 εἰρημένα
2026 2697 2244 2759 πίνων
2290 2685 2396 2759 ἇεὶ

230 2793 346 2860 καὶ
401 2794 658 2877 μᾶλλον
714 2793 936 2878 διψῶν
978 2796 1091 2861 καὶ
1137 2793 1618 2877 πιμπλάμενος
1663 2791 2007 2861 οὐδέποτε.
2093 2799 2154 2862 9.
2199 2797 2394 2862 ταυτὶ
2428 2801 2470 2856 9

233 2887 311 2960 οὖ
367 2892 466 2979 μὰ
508 2899 649 2964 Δία
698 2894 873 2981 πρὸς
915 2895 1296 2984 Νίκανδρον
1338 2893 1460 2963 τὸν
1504 2893 1793 2983 ποιητὴν
1838 2895 2400 2984 φιλοτιμούμενος

235 2995 634 3088 διεξῆλθον,
688 2991 835 3064 οὐδ’
901 2989 1096 3076 ὅπως
1137 2996 1328 3082 ὑμεῖς
1369 2994 1672 3080 μάθοιτε
1714 2992 1809 3076 ὥς
1852 2990 1971 3065 οὑκ
2015 2989 2258 3082 ἀμελὲς
2296 3021 2399 3085 γε·

231 3100 504 3186 γένηται
557 3122 679 3183 μοι
733 3098 975 3188 φύσεις
1030 3102 1166 3166 τῶν
1209 3101 1521 3185 Λιβυκῶν
1574 3096 1872 3183 ἑρπετῶν
1917 3099 2203 3168 εἰδέναι·
2293 3098 2400 3166 ἰα-

230 3202 409 3281 τρῶν
463 3197 593 3287 γὰρ
650 3187 733 3266 ὃν
787 3198 1044 3284 μᾶλλον
1098 3196 1133 3268 ὃ
1183 3199 1465 3280 ἔπαινος
1511 3202 1647 3291 ε’ίη,
1708 3202 1810 3281 οἷς
1856 3196 2103 3292 ἀνάγκη
2151 3201 2402 3270 εἰδέναι

229 3302 479 3384 ταῦτα,
539 3296 634 3380 ῶς
685 3304 801 3371 καὶ
846 3300 1241 3387 ἀμύνασθαι
1287 3298 1458 3370 αὑτὰ
1502 3302 1673 3390 μετὰ
1716 3308 1838 3393 τῆς
1879 3309 2110 3393 τέχνης
2155 3303 2400 3386 ἔχοιεν·

232 3395 408 3470 ἇλλά
464 3428 583 3488 μοι
636 3403 810 3472 δοκῶ
850 3438 937 3453 —-
979 3406 1090 3472 καὶ
1150 3404 1329 3491 πρὸς
1384 3407 1618 3494 φιλίου
1661 3404 1753 3493 μὴ
1801 3403 2240 3492 δυσχεράνητε
2280 3401 2402 3490 τὴν

232 3504 460 3573 εἰκόνα
530 3501 840 3595 θηριώδη
912 3491 1119 3575 οὖσαν
1163 3546 1248 3558 --
1292 3506 1532 3593 ὅμοιόν
1586 3533 1657 3574 τι
1709 3510 1823 3575 καὶ
1881 3500 2084 3583 αὐτὸς
2139 3508 2401 3572 παθεῖν

228 3605 410 3694 πρὸς
470 3602 680 3692 ὑμᾶς,
749 3607 895 3675 οἷον
959 3605 1200 3677 ἐκεῖνοι
1264 3608 1605 3692 πάσχουσι
1669 3606 1845 3694 πρὸς
1908 3607 1985 3675 τὸ
2056 3603 2270 3673 ποτὸν
2334 3607 2402 3673 οἱ

231 3708 596 3792 δηχθέντες
631 3705 767 3777 ὑπὸ
799 3712 918 3799 τῆς
949 3709 1269 3796 διψάδος·
1343 3703 1487 3797 ὅσῳ
1514 3710 1640 3796 γὰρ
1670 3698 1755 3777 ὃν
1784 3709 1902 3777 ἐπὶ
1931 3710 2140 3776 πλέον
2170 3715 2404 3795 παρίω

229 3810 329 3890 εἰς
387 3805 594 3896 ὑμᾶς,
659 3805 962 3900 τοσούτῳ
1014 3813 1269 3896 μᾶλλον
1325 3806 1647 3899 ὀρέγομαι
1690 3814 1811 3880 τοῦ
1855 3810 2248 3898 πράγματος
2288 3813 2402 3879 καὶ

226 3911 306 3980 τὸ
359 3912 568 3999 δίψος
612 3909 893 3998 ι’ίσχετον
934 3908 1369 3981 ὑπεκκαίεταί
1409 3938 1529 3997 μοι
1573 3915 1685 3982 καὶ
1726 3911 1911 3980 ἔοικα
1941 3907 2090 3980 οὐδ’
2144 3914 2403 4001 ἐμπλη-

231 4015 640 4105 σθήσεσθαί
685 4040 857 4084 ποτε
897 4018 1016 4084 τοῦ
1059 4015 1366 4085 τοιούτου
1396 4019 1633 4113 ποτοῦ.
1701 4013 1884 4099 μάλα
1914 4014 2206 4093 εἰκότως.
2265 4017 2403 4080 ποῦ

232 2386 495 2474 κεφαλῇ
551 2379 752 2464 πῖλός
811 2383 1013 2456 ἐστιν.
1102 2390 1163 2455 8.
1208 2387 1343 2454 ἐκεῖ
1389 2392 1615 2454 τοίνυν
1660 2388 1945 2470 λοχῶσιν
1992 2388 2064 2456 αἱ
2108 2387 2396 2474 διψάδες
2431 2395 2471 2450 8
2601 2376 2610 2381 ’
