2867 4525
471 293 598 351 214
1197 286 1479 342 comeum
1517 284 1900 342 LEGTIONES.

680 459 830 524 ΩΨ
873 498 958 509 —-
1001 458 1249 545 ἀνάγκη
1291 456 1313 542 ΙΙ
1354 458 1456 525 ἀν.
1504 460 1635 524 ἐστι
1672 459 1730 523 A
1775 493 1859 504 —
1900 455 2020 522 τὸν
2067 453 2151 537 ἐχ.
2204 452 2373 522 αὐτά
2480 458 2644 519 add.

682 566 817 630 ἐπεὶ
846 572 1050 629 ταῦτα
1090 559 1494 629 ἀπόλλυνται
1523 557 1660 625 ΔΨ
1707 595 1790 607 -
1832 567 1947 641 τῆς
1989 563 2155 641 τέχν.
2268 579 2382 623 om.
2427 566 2544 641 τῆς
2573 555 2642 620 Ω

681 703 764 715 -
801 675 975 734 πᾶσα
1021 665 1123 733 ἀν.
1167 665 1186 749 ΙΙ
1227 662 1522 742 πάνταςῗ
1568 659 1836 745 ἀνάγκη.
1881 663 2013 728 ἐστι
2043 658 2195 723 ΩΨ
2241 698 2327 709 --
2374 670 2645 744 φρενῶν

678 764 701 853 Ι
744 766 986 854 φρενὸς
1017 767 1097 830 Ψ

469 877 651 934 ο.54.
682 864 897 950 ἄλλως
953 868 1075 953 γὰρ
1121 867 1283 937 οὐδὲ
1321 864 1344 953 Ι
1385 868 1495 935 ἀλ.
1553 892 1631 948 γε
1683 862 1871 934 οὔτε
1912 863 2122 933 ΑΩΨ
2168 904 2253 913 —-
2296 883 2572 948 παρασ.

681 972 716 1039 ὃ
774 998 970 1056 παρ.
1031 969 1100 1034 Ω
1151 1007 1236 1019 -
1293 976 1351 1037 εἰ
1401 976 1467 1036 δὲ
1523 966 1545 1051 Ι
1598 975 1655 1036 εἰ
1706 973 1772 1035 δὲ
1826 966 1912 1052 μὴ
1966 964 2174 1034 ΔΨΩ
2229 1003 2313 1015 -
2368 966 2645 1051 ὑπάρχει

681 1079 697 1157 ΕΙ
739 1072 994 1157 ὑπάρχη
1036 1076 1094 1140 A
1149 1070 1429 1158 ὑπάρχοι
1478 1072 1555 1134 Ψ
1598 1107 1682 1119 -—
1735 1071 2046 1138 οὐδέποτε
2088 1069 2109 1154 ΙΙ
2152 1069 2410 1138 οὐδέπω
2454 1072 2512 1136 A
2557 1106 2647 1118 -

681 1174 1043 1260 ζητήσομεν
1085 1175 1106 1259 Ι
1145 1228 1159 1243 .
1212 1222 1226 1239 .
1272 1174 1368 1242 σφ’
1414 1221 1429 1237 .
1477 1173 1555 1235 Ψ
1600 1210 1685 1222 —
1743 1166 1946 1240 οὔτ’
2000 1176 2105 1239 ἐπὶ
2157 1170 2378 1239 τούτω
2421 1170 2442 1257 ΙΙ
2484 1166 2645 1239 οὔτ’

681 1300 790 1345 mn.
860 1277 997 1344 ΑΨ
1060 1315 1144 1328 --
1200 1272 1398 1345 οὔτ’
1465 1278 1589 1343 ἐπ’
1643 1271 1886 1364 ἄλλῳ
1932 1276 1955 1358 ΙΙ
2001 1275 2127 1344 ου’κ
2200 1278 2294 1343 ἐπ.
2357 1274 2419 1340 A
2489 1274 2646 1342 οὐκ

693 1378 833 1444 ΨΩ

469 1505 517 1542 τε.
553 1493 649 1545 55*
685 1509 743 1550 π.
773 1482 809 1549 ὃ
835 1507 900 1563 φ.
927 1480 946 1566 ΙΙ
969 1508 1033 1549 π.
1069 1481 1260 1560 ὁμοῦ.
1292 1478 1504 1562 φιλόσ.
1535 1480 1615 1543 Ψ
1645 1517 1730 1529 —
1757 1483 1853 1546 ἐπ.
1878 1479 2103 1559 αὐτοῖς
2130 1477 2152 1565 Ι
2184 1486 2244 1545 2.
2276 1488 2302 1541 1
2335 1514 2416 1527 ·-
2441 1478 2647 1545 δεδιό-

678 1610 792 1664 τας
822 1584 842 1669 ΙΙ
873 1583 1146 1663 δεδιότες
1166 1587 1224 1651 A
1253 1620 1336 1632 —
1364 1581 1540 1663 μάλα
1568 1580 1867 1668 Ιμᾶλλον
1900 1582 1978 1644 Ψ
2007 1617 2091 1630 -
2121 1607 2336 1663 γενομ.
2374 1587 2440 1648 δὲ
2469 1603 2638 1663 ψοφ.

677 1687 697 1773 Ε
738 1694 844 1754 καὶ
889 1712 1015 1767 γεν.
1059 1706 1128 1769 ψ.
1162 1686 1298 1753 ΑΨ
1327 1720 1413 1735 —-
1442 1694 1836 1770 προστιθησι
1865 1683 1886 1770 Ι
1914 1705 2029 1748 om.
2076 1703 2115 1752 σ
2142 1682 2211 1747 Ω
2246 1720 2327 1732 -
2373 1690 2462 1765 εἰς
2490 1693 2645 1764 βαλ.

677 1785 2005 1873 ΙέςΨ-οὕδέντιΙοῦδέτιΩ-

469 1913 517 1957 ιῑι,
545 1901 641 1953 Ξξιῑὶῃ
677 1890 912 1957 ἑαυτὸν
954 1889 976 1974 Ι
1019 1938 1034 1953 .
1081 1938 1097 1953 .
1141 1899 1239 1959 τῶ
1278 1895 1337 1957 A
1378 1926 1466 1939 —-
1506 1888 1689 1973 τύχοι
1734 1890 1752 1973 ΙΙ
1796 1888 1952 1973 τύχη
1998 1894 2054 1955 A
2101 1924 2180 1942 --
2224 1898 2578 1971 μεταλαμβ.
2624 1883 2646 1972 Ι

677 2013 791 2057 [ιω.
847 2018 1006 2072 μετα
1051 1992 1131 2055 Ψ
1174 2030 1258 2041 -
1315 1990 1406 2072 ὥς
1462 2018 1580 2077 περ
1636 2000 1701 2060 δὲ
1757 1994 1796 2059 ὁ
1855 1992 2056 2072 κακὸς
2115 1992 2198 2060 οὐ
2254 1991 2334 2059 τὸ
2389 1993 2642 2075 ἀγαθὸς

677 2097 697 2177 Η
730 2094 806 2161 τὸ
851 2094 975 2162 οὐκ
1021 2094 1267 2177 ἀγαθὸς
1313 2099 1369 2160 A
1411 2130 1498 2142 --
1541 2093 1709 2162 ἀλλά
1754 2103 2009 2176 φαῦλος
2054 2096 2218 2161 εἶναι
2261 2095 2578 2175 λαμβάνει
2622 2101 2641 2186 fi

677 2196 843 2265 ἀλλὰ
887 2195 973 2264 τὸ
1007 2206 1264 2280 φαῦλος
1298 2196 1373 2258 Ψ
1403 2232 1489 2244 -
1517 2194 1828 2278 λαμβάνει
1855 2194 1877 2284 Ι
1904 2195 2342 2278 ἀναλαμβάνει
2387 2197 2527 2265 ΑΨ
2556 2234 2640 2246 -

677 2299 866 2366 αύτοὶ
904 2297 925 2383 ΙΙ
971 2299 1196 2378 αὐτοῖς
1241 2296 1366 2365 ΑΩ

473 2425 517 2461 ρ..
553 2409 641 2465 ΞΠ,
681 2411 814 2467 τῶν
845 2411 1060 2482 φιλοσ.
1104 2400 1126 2486 Ι
1167 2422 1283 2466 om.
1324 2411 1465 2470 τῶν
1493 2402 1570 2464 Ψ
1615 2441 1697 2453 —-
1742 2401 1918 2471 πάνυ
1961 2409 2080 2483 μὲν
2127 2399 2251 2472 οὖν
2295 2403 2317 2488 Ι
2359 2425 2475 2467 om.
2512 2401 2636 2471 οὖν

685 2505 735 2569 A
759 2540 842 2552 —
873 2502 1209 2587 φαγόντος
1233 2504 1253 2590 ΙΙ
1280 2553 1296 2567 .
1330 2555 1345 2570 .
1373 2532 1511 2585 τας
1539 2505 1601 2571 A
1632 2542 1711 2554 -
1742 2504 2019 2583 πιόντος
2046 2505 2066 2590 ΙΙ
2090 2552 2104 2568 .
2134 2533 2250 2585 τας
2279 2509 2337 2573 A
2367 2545 2453 2556 —
2484 2506 2635 2574 ἀπὲ·

689 2624 929 2690 πτησας
969 2607 988 2686 l!
1032 2604 1412 2692 ἀποπτήσας
1456 2609 1514 2673 A

465 2729 513 2766 13,
549 2713 642 2770 55.
677 2713 1077 2793 διημίλληται
1118 2706 1140 2794 Ι
1183 2713 1545 2794 διημέληται
1587 2708 1667 2771 Ψ
1709 2745 1796 2757 -
1836 2719 1974 2777 τῶν
2026 2717 2406 2794 παρασίτων
2449 2710 2470 2793 fl
2515 2720 2638 2778 τοῦ

677 2820 1038 2895 παρασίτου
1083 2808 1235 2874 ΩΨ
1279 2850 1364 2862 -
1423 2816 1562 2891 ἐμοὶ
1616 2818 1736 2891 μὲν
1778 2811 1798 2896 [Ι
1842 2834 1959 2876 om.
2012 2818 2132 2892 μὲν
2177 2817 2233 2878 A
2276 2849 2360 2860 —
2406 2813 2507 2896 η’λ.
2569 2839 2636 2894 γε

677 2938 795 2981 σου
824 2911 845 2998 fl
869 2913 1093 2997 ἠλίθια
1136 2919 1206 2995 γέ
1251 2933 1353 2981 σοι
1384 2914 1464 2976 Ψ
1494 2949 1578 2960 -
1621 2911 1744 2997 ἔχει
1772 2912 1793 2999 fl
1823 2919 1958 2998 ἔχοι
1988 2912 2059 2977 Ω
2096 2950 2170 2961 -
2213 2914 2637 2999 εὐεργετοῦν-

677 3037 789 3093 τες
832 3015 853 3100 ΙΙ
898 3062 913 3078 .
958 3026 1146 3084 τοῦσι
1189 3019 1247 3083 A
1290 3055 1373 3064 —
1417 3015 1796 3101 ἀτιμότερος
1838 3017 1857 3102 ΙΙ
1902 3012 2237 3103 ὠμότερος
2274 3017 2356 3079 Ψ

465 3142 513 3178 [a
549 3130 641 3178 52³.
677 3117 752 3183 τὸ
798 3135 1176 3201 παρασιτεῖν
1217 3117 1237 3202 ΙΙ
1282 3140 1397 3183 om.
1442 3119 1517 3186 τὸ
1556 3123 1614 3186 A
1662 3156 1735 3167 —
1784 3146 1935 3205 παρ.
1982 3123 2207 3209 ἐκείνῳ
2252 3119 2272 3205 ΙΙ
2315 3124 2526 3188 ἐκεῖνο
2557 3122 2636 3182 Ψ

677 3226 874 3303 δῆλον
931 3217 1034 3286 ὅτι
1168 3219 1470 3304 δηλονότι
1514 3227 1570 3288 A
1614 3259 1699 3270 -
1756 3220 1929 3290 ὅπου
1985 3222 2006 3309 fl
2061 3221 2242 3304 ὅπως
2283 3225 2341 3289 A
2400 3259 2477 3271 —
2544 3223 2634 3302 ὡς

673 3331 993 3407 κρείττονι
1035 3320 1057 3408 Ι
1100 3321 1189 3404 ὥς
1243 3350 1370 3392 τινι
1427 3350 1523 3410 κρ.
1587 3325 1665 3387 Ψ
1707 3363 1793 3374 —
1838 3323 2009 3394 ὅπου
2052 3324 2074 3410 ΙΙ
2116 3323 2297 3405 ὅπως
2354 3324 2633 3389 ΨΩ--

669 3434 870 3493 τοῦτο
916 3435 1122 3493 λυσιτ.
1166 3425 1186 3510 [1
1227 3426 1444 3494 τούτω
1486 3427 1563 3489 Ψ
1605 3464 1689 3476 -
1731 3428 1887 3508 μετὰ
1931 3438 2079 3496 τοῦ
2122 3448 2303 3509 κοσμ.
2339 3427 2476 3515 ΙῙτὸ
2508 3426 2631 3496 ΑΩ

677 3537 1054 3606 κοσμεῖσθαι
1095 3523 1115 3612 Ι
1157 3538 1565 3612 κοσμηθῆναι
1596 3529 1675 3591 Ψ
1708 3566 1789 3578 -
1818 3538 1916 3608 τίς
1958 3529 2080 3615 γὰρ
2129 3530 2225 3598 ἂν
2254 3529 2275 3616 fl
2302 3552 2419 3595 om.
2452 3530 2547 3597 ἂν
2576 3533 2630 3596 Α

677 3628 854 3696 οὕτω
897 3636 1016 3709 μὲν
1060 3629 1081 3713 ΙΙ
1123 3627 1276 3697 αὖτε
1319 3629 1446 3716 μὴν
1493 3636 1549 3697 A
1595 3632 1693 3699 ὅτι
1737 3638 1857 3712 μὲν
1900 3631 1969 3696 Ω

457 3754 505 3790 [ι.
541 3739 633 3790 *3.[1.
673 3730 1060 3798 ἀποθανεῖν
1170 3780 1186 3797 .
1234 3778 1251 3797 .
1295 3733 1529 3801 θανὼν
1572 3734 1651 3796 Ψ
1697 3771 1772 3783 -
1837 3733 2053 3804 πάντα
2109 3733 2130 3819 ΙΙ
2184 3746 2390 3802 ταῦτα
2434 3734 2503 3800 Ω
2547 3773 2627 3782 -

669 3838 1014 3911 διεξελθεῖν
1064 3833 1084 3917 ΙΙ
1135 3842 1414 3903 διελθεῖν
1460 3836 1539 3897 Ψ
1585 3872 1666 3884 -
1712 3837 1875 3904 αὐτο
1928 3835 1949 3922 ΙΙ
2002 3837 2185 3927 αὐτῷ
2243 3841 2373 3905 ἐστι
2418 3838 2499 3900 Ψ
2542 3876 2625 3888 -—

669 3930 879 4011 Hvoua
911 3937 1039 4002 ἐστι
1068 3933 1089 4020 fl
1116 3958 1230 4001 om.
1262 3941 1393 4005 ἐστι
1424 3939 1504 4001 Ψ
1540 3975 1614 3986 -
1650 3947 1810 4025 δοκῇ
1836 3938 1855 4026 ΙΙ
1888 3947 2065 4008 δοκῶ
2095 3941 2173 4003 Ψ
2200 3976 2285 3991 -
2315 3934 2367 4029 ᾗ
2396 3942 2623 4026 ἀριστα

677 4036 792 4102 οἴει
835 4033 854 4115 ΙΙ
899 4042 968 4101 εἰ
1006 4036 1211 4103 ΑΩΨ
