2867 4525
1160 268 1612 322 ΦΙΔΟΨΕΥΔΗΣ.
2381 273 2461 333 99

292 436 470 523 μετὰ
532 436 834 521 εἰκοστὴν
892 433 1147 523 ἡμέραν
1201 432 1247 527 ᾗ
1292 437 1507 527 ἐτάφη
1569 435 1974 521 ἀναστάντα,
2033 434 2469 526 θεραπεύσας

291 542 413 608 καὶ
444 538 579 660 πρὸ
612 544 735 607 τοῦ
762 539 1071 608 θανάτου
1100 543 1212 608 καὶ
1260 535 1409 607 επεὶ
1443 533 1683 630 ἆνέστη
1713 538 1830 608 τὸν
1871 535 2261 626 ανθρωπον.
2332 544 2466 609 Καὶ

298 644 471 722 πῶς,
516 626 598 728 ἦν
644 634 705 708 δ’
743 639 890 726 ἐγώ,
939 641 1007 709 έν
1039 642 1291 710 εἴκοσιν
1319 637 1601 731 ἡμέραις
1644 638 1797 710 οὔτε
1826 636 2117 730 ἕμύδησε
2146 641 2221 710 τὸ
2271 647 2467 728 σῶμα

299 768 457 811 ουτε
488 739 771 822 ἄλλως(
736 741 871 811 υπὸ
906 746 1105 829 λιμοῦ
1134 743 1518 834 διεφθάρης
1548 743 1610 811 εἰ
1639 744 1729 829 μή
1766 745 1919 813 τινά
1947 769 2021 832 γε
2041 742 2466 833 Ἐπιμενίδην

215 860 278 909 54
302 845 386 912 σύ
429 869 504 930 γε
549 844 1036 932 εθεράπευσας.
1111 852 1212 914 27.
1258 872 1400 931 αμα
1434 850 1649 913 ταῦτα
1679 847 2002 934 λεγόντων
2045 843 2234 937 ἡμῶν
2278 845 2466 914 ἐπει·
2499 860 2571 916 27

298 948 566 1034 σῆλθον
613 948 681 1014 οἱ
722 950 846 1015 τοῦ
891 942 1271 1033 Εὐκράτους
1314 948 1453 1016 υἱοὶ
1499 947 1569 1015 ἐκ
1612 951 1732 1039 τῆς
1775 950 2219 1034 παλαίστρας,
2264 943 2300 1015 6
2347 948 2466 1033 μὲν

294 1043 426 1139 ἤδη
487 1048 562 1127 ἐξ
616 1049 917 1138 ἐφήβων,
976 1044 1011 1117 6
1061 1050 1134 1117 δὲ
1182 1049 1402 1136 ἕτερος
1452 1042 1630 1139 ἀμφὶ
1684 1050 1767 1118 τὰ
1813 1051 2291 1120 πεντεκαίδεκα
2336 1051 2468 1139 ἔτη,

294 1153 414 1218 καὶ
462 1145 939 1236 ἀσπασάμενοι
989 1148 1166 1241 ἡμᾶς
1223 1150 1622 1232 ἐκαθέζοντο
1681 1152 1798 1221 ἐπὶ
1848 1162 1967 1241 τῆς
2008 1156 2235 1240 κλίνης
2279 1152 2469 1239 παρὰ

296 1256 401 1340 τῷ
446 1258 692 1338 πατρί·
740 1253 893 1339 ἐμοὶ
937 1254 1009 1322 δὲ
1056 1253 1496 1343 εἰσεκομίσθη
1541 1256 1816 1341 θρόνος.
1887 1258 2001 1323 καὶ
2043 1251 2078 1323 6
2128 1249 2469 1344 Εὐκράτης

298 1377 536 1442 ωσπερ
596 1348 1059 1445 αναμνησθεὶς
1115 1356 1289 1442 πρὸς
1342 1356 1464 1443 τὴν
1522 1352 1691 1442 ὄψιν
1746 1361 1881 1424 τῶν
1936 1358 2165 1439 υἱέων,
2237 1349 2469 1436 Οῧτως

297 1454 608 1545 ὀναίμην,
637 1456 819 1578 έφη,
877 1458 1135 1525 τούτων
1178 1495 1266 1506 -—
1307 1458 1707 1545 ἑπιβαλώνῌ
1711 1457 1939 1527 αὐτοῖν
1991 1459 2112 1545 τὴν
2152 1471 2343 1545 χεῖρα
2385 1495 2473 1506 -—

299 1554 395 1637 ὥς
439 1552 686 1647 ἀληθῆ,
734 1586 787 1626 ω
841 1560 1158 1650 Τυχιάδη,
1201 1561 1378 1648 πρός
1421 1584 1500 1628 σε
1543 1560 1692 1648 ἐρω.
1775 1560 1896 1648 τὴν
1940 1566 2295 1646 μακαρῖτίν
2341 1585 2471 1643 μου

297 1674 580 1747 γυναῖκα
607 1660 730 1750 τὴν
757 1661 1013 1730 τούτων
1055 1668 1309 1752 μητέρα
1339 1663 1594 1742 πάντες
1638 1664 1870 1730 ἰ’σασιν
1909 1655 2102 1740 όπως
2128 1656 2467 1750 ἠγάπησα,

301 1761 612 1852 ἐδήλωσα
657 1764 731 1832 δὲ
776 1763 879 1843 οἷς
908 1768 1069 1851 περὶ
1114 1760 1319 1854 αὐτὴν
1351 1764 1614 1855 ε’πραξα
1658 1758 1736 1832 οὗ
1783 1765 2000 1847 ζῶσαν
2042 1758 2268 1849 μόνον,
2317 1757 2462 1830 ἀλλ’

300 1863 457 1933 ἐπεὶ
500 1868 614 1933 καὶ
661 1858 992 1949 ἆπέθανε,
1039 1866 1157 1935 τόν
1200 1892 1276 1934 τε
1315 1867 1568 1953 κόσμον
1614 1891 1885 1934 απαντα
1929 1866 2472 1953 συγκατακαύσας

297 1970 414 2035 καὶ
459 1967 583 2058 τὴν
629 1966 910 2056 ἐσθῆτα,
954 1962 1001 2058 ᾗ
1034 1968 1212 2050 ζῶσα
1242 1969 1518 2055 ἐχαιρεν.
1594 1968 1845 2058 ἕβδόμῃ
1884 1968 1957 2036 δὲ
1984 1967 2153 2054 μετὰ
2196 1967 2317 2055 τὴν
2360 1992 2469 2035 τε-

300 2068 539 2158 λευτὴν
581 2065 797 2158 ἡμέρᾳ
842 2069 967 2157 ἐγὼ
1014 2072 1137 2155 μὲν
1181 2070 1482 2139 ἐνταῦθα
1512 2070 1630 2140 ἐπὶ
1658 2075 1777 2158 τῆς
1812 2073 2038 2160 κλίνης
2082 2069 2313 2157 ὥσπερ
2359 2072 2474 2137 νῦν

303 2169 571 2260 ἐκείμην
614 2171 1234 2258 παραμυθούμενος
1261 2172 1339 2241 τό
1383 2197 1460 2258 γε
1488 2177 1775 2252 πένθος·
1824 2166 2301 2260 ἀνεγίγνωσκον
2345 2170 2476 2258 γὰρ

301 2272 383 2340 τὸ
430 2276 594 2361 περὶ
636 2277 856 2360 ψυχῆς
898 2278 1019 2342 τοῦ
1047 2275 1418 2353 Πλάτωνος
1458 2277 1725 2361 βιβλίον
1771 2268 1884 2364 ἐφ’
1933 2273 2243 2365 ἡσυχίας·
2291 2274 2473 2341 ἐπει-

304 2379 612 2462 σέρχεται
642 2376 716 2443 δὲ
745 2374 992 2460 μεταξὺ
1030 2372 1069 2465 ἡ
1101 2381 1489 2465 Δημαινέτη
1522 2371 1685 2466 αὗτὴ
1718 2377 1930 2467 ἐκείνη
1975 2381 2087 2446 καὶ
2116 2377 2472 2458 καθίζεται

303 2478 600 2565 πλησίον
632 2468 866 2562 ὥσπερ
896 2481 1010 2544 νῦν
1034 2476 1443 2565 Εὐκρατίδης
1470 2475 1721 2563 οὖτοσί,
1754 2480 1979 2559 δείξας
2007 2479 2126 2547 τὸν
2156 2479 2477 2562 νεώτερον

300 2581 441 2645 τῶν
462 2577 694 2646 υἱέων·
727 2576 763 2645 o‘
792 2579 865 2646 δὲ
889 2572 1129 2647 αὗτίκα
1136 2579 1386 2668 ε’φριξε
1405 2581 1592 2666 μάλα
1614 2581 1950 2660 παιδικως
1970 2584 2084 2649 καὶ
2108 2581 2326 2648 πάλαι
2347 2574 2473 2669 ἤδη

306 2673 524 2768 ωχρὸς
544 2666 626 2769 ἦν
647 2680 824 2766 πρὸς
846 2679 967 2767 τὴν
992 2680 1314 2770 διήγησιν.
1375 2675 1534 2768 Ἐγώ
1558 2682 1649 2764 δέ,
1680 2668 1724 2772 ἦ
1762 2677 1826 2748 δ’
1857 2680 1932 2759 ὃς
1955 2676 2352 2804 ὄΕὗκράτης,
2386 2677 2476 2760 ὥς

234 2796 292 2845 55
315 2778 518 2865 εἶδον,
550 2786 995 2868 περιπλακεὶς
1026 2783 1189 2872 αὖτῃ
1164 2778 1597 2871 έδάκρυον’
1561 2783 2016 2861 ανακωκύσας·
2047 2778 2087 2870 ἡ
2120 2783 2192 2849 δὲ
2222 2777 2339 2849 οὐκ
2368 2782 2477 2849 ε’ία

304 2888 497 2969 βοᾶν,
532 2878 685 2950 ἀλλ’
721 2878 960 2974 ᾐτιᾶτό
992 2910 1095 2970 με,
1128 2878 1237 2953 ότι
1263 2883 1349 2951 τὰ
1381 2880 1552 2951 αλλα
1574 2884 1802 2952 πάντα
1824 2884 2274 2973 χαρισάμενος
2306 2880 2474 2973 αὐτῇ

306 2986 607 3073 θάτερον
653 3001 799 3055 τοῖν
842 2987 1207 3055 σανδάλοιν
1244 2999 1518 3073 χρυσοῖν
1562 2981 1784 3055 ὅντοιν
1841 2980 1917 3054 οὗ
1962 2986 2474 3071 κατακαύσαιμι,

305 3084 485 3156 εἶναι
531 3088 606 3155 δὲ
646 3081 806 3156 αὗτὸ
856 3089 1108 3179 ἔφασκε
1150 3087 1557 3176 παραπεσὸν
1594 3084 1729 3156 ὕπὸ
1774 3092 1858 3178 τῇ
1884 3091 2168 3176 κιβωτῷ,
2216 3090 2327 3156 καὶ
2359 3087 2474 3157 διὰ

304 3193 507 3257 τοῦτο
538 3185 731 3277 ἡμεῖς
762 3185 878 3275 οὐχ
909 3188 1211 3280 εὑρόντες
1239 3190 1535 3278 θάτερον
1571 3189 1778 3276 μόνον
1809 3189 2195 3276 ἐκαύσαμεν.
2270 3190 2370 3259 ἔτι
2401 3190 2475 3257 δὲ

304 3286 497 3380 ἡμῶν
552 3292 1039 3378 διαλεγομένων
1093 3292 1471 3380 κατάρατόν
1513 3318 1582 3360 τι
1637 3291 1930 3360 κυνίδιον
1983 3287 2118 3359 ὑπὸ
2165 3296 2248 3380 τῇ
2289 3294 2474 3380 κλίνῃ

304 3420 382 3461 ον
412 3393 800 3462 Μελιταῖον
843 3390 1225 3484 ὑλάκτησεν,
1269 3393 1310 3484 ἡ
1342 3394 1415 3461 δὲ
1442 3388 1799 3482 ἠφανίσθη
1830 3391 2007 3478 πρὸς
2046 3393 2168 3481 τὴν
2199 3390 2473 3479 ὑλακήν·

304 3493 381 3563 τὸ
429 3500 666 3581 μέντοι
699 3496 1059 3565 σανδάλιον
1093 3493 1335 3585 εὖρέθη
1375 3491 1512 3563 ὖπὸ
1545 3498 1631 3585 τῇ
1640 3497 1928 3616 κιβωτῷ
1955 3497 2066 3563 καὶ
2095 3487 2473 3582 κατεκαύθη

300 3597 614 3717 ὕστερον.
670 3601 772 3665 28.
804 3597 905 3665 ε’τι
935 3591 1250 3666 άπιστεῖν
1278 3597 1562 3679 τούτοις,
1608 3625 1660 3664 ω
1701 3596 2012 3685 Τυχιάδη,
2059 3590 2247 3674 αξιον
2278 3594 2469 3682 έναρ-
2503 3612 2578 3669 28

302 3705 493 3786 γέσιν
537 3721 692 3766 ουσι
726 3701 848 3766 καὶ
892 3697 1061 3766 κατὰ
1091 3698 1212 3788 τὴν
1239 3694 1492 3788 ἡμέραν
1523 3697 1804 3788 ἑκάστην
1833 3702 2302 3787 φαινομένοις,
2344 3697 2471 3763 Mo}

301 3797 453 3884 Δί’,
509 3786 593 3888 ἦν
651 3794 713 3866 δ’
774 3793 936 3888 εγώ·
995 3799 1147 3869 ἐπεὶ.
1193 3800 1534 3887 σανδαλίῳ
1577 3824 1654 3887 γε
1703 3802 1930 3886 χρυσῷ
1983 3798 2051 3878 ἐς
2092 3799 2214 3879 τὰς
2255 3798 2477 3885 πυγὰς

304 3903 543 3990 ὥσπερ
581 3900 668 3968 τὰ
712 3902 966 3969 παιδία
1010 3907 1350 3970 παίεσθαι
1389 3897 1573 3981 αξιοι
1617 3927 1698 3967 αν
1743 3898 1876 3968 εἶεν
1921 3902 1988 3969 οἱ
2033 3895 2476 3978 απιστοῦντες

302 4010 420 4077 καὶ
466 3998 682 4082 ούτως
728 3998 1317 4088 ἀναισχυντοῦντες
1357 4002 1534 4087 πρὸς
1576 4001 1696 4092 τὴν
1742 3994 2090 4090 ἀλήθειαν.

2095 4107 2123 4155 ¹⁷
2136 4103 2168 4137 *
