2867 4525
631 1148 796 1229 ΔΙΣ
841 1148 1935 1233 ΚΑΤΗΓΟΡΟΥΜΕΝΟΣ

877 1288 934 1340 Η
979 1267 1692 1350 ΔΙΚΑΣΤΗΡΙΑ·

53 1444 197 1491 Boiu.

53 1495 100 1539 [Ι.
180 1528 193 1540 .

71 1508 175 1612 '¹91p
382 1565 436 1623 1.
502 1562 752 1624 ΖΕΥΣ.
837 1551 1019 1625 Ἀλλ’
1086 1556 1491 1644 ἐπιτριβεῖεν
1553 1550 1705 1625 ὅσοι
1772 1561 1904 1624 τῶν
1964 1560 2364 1648 φιλοσόφων
2399 1571 2434 1621 1

195 1659 398 1747 παρὰ
443 1660 679 1741 μόνοις
719 1659 839 1749 τὴν
883 1654 1313 1744 εὐδαιμονίαν
1359 1663 1570 1747 φασὶν
1616 1657 1789 1728 εἶναι
1832 1675 1976 1739 τοῖς
2019 1666 2242 1739 θεοῖς·
2306 1660 2365 1728 εἰ

193 1765 363 1848 γοῦν
408 1757 658 1848 ᾔδεσαν
702 1758 929 1830 όπόσα
972 1766 1102 1829 τῶν
1148 1756 1538 1848 ἀνθρώπων
1584 1760 1770 1829 ἕνεκα
1816 1762 2189 1847 πάσχομεν,
2250 1756 2367 1829 οῦκ

199 1853 290 1929 ὀῖν
323 1859 502 1950 ἡμᾶς
543 1867 665 1930 τοῦ
709 1868 1020 1950 νέκταρος
1050 1855 1093 1954 ἢ
1124 1868 1243 1952 τῆς
1275 1859 1651 1950 ἀμβροσίας
1683 1863 2075 1951 ἐμακάριζον
2101 1861 2364 1953 Ὁμήρῳ

200 1965 694 2044 πιστεύσαντες
738 1960 928 2053 ἀνδρὶ
974 1970 1208 2055 τυφλῷ
1251 1970 1361 2034 καὶ
1404 1966 1631 2055 γόητι,
1675 1965 1979 2052 μάκαρας
2026 1964 2204 2055 ημᾶς
2246 1994 2365 2035 κα-

199 2069 434 2133 λοῦντι
477 2070 586 2134 καὶ
632 2066 719 2135 τὰ
765 2067 835 2135 ἐν
889 2062 1151 2157 οὗρανιῦ
1209 2068 1786 2177 διηγουμένῳ,ος
1842 2063 1996 2137 οὐδὲ
2038 2068 2123 2136 τὰ
2170 2069 2238 2136 ἐν
2282 2076 2367 2159 τῇ

197 2173 289 2259 γῇ
333 2173 642 2256 καθορᾶν
688 2170 983 2241 ἐδύνατο.
1070 2168 1305 2241 αὐτίκα
1348 2178 1424 2260 γέ
1466 2198 1576 2240 τοι
1618 2152 1654 2239 6
1701 2172 1824 2256 μὲν
1854 2171 2089 2250 Ἥλιος
2134 2168 2364 2240 οὑτοσὶ

200 2272 599 2357 ζευξάμενος
655 2273 730 2340 τὸ
795 2267 975 2359 άρμα
1032 2276 1418 2366 πανήμερος
1476 2274 1594 2343 τὸν
1653 2269 1936 2360 οὐρανὸν
2003 2277 2370 2360 περιπολεῖ

199 2378 343 2458 πῦρ
389 2373 750 2454 ἐνδεδυκώς
791 2379 904 2444 καὶ
947 2378 1083 2443 τῶν
1141 2370 1424 2443 ἀκτίνων
1471 2371 1936 2462 ἀποστίλβων,
2008 2370 2150 2445 οὐδ’
2202 2370 2365 2444 όσου

82 2488 165 2539 792
198 2477 592 2566 κνήσασθαι
647 2477 723 2546 τὸ
786 2464 935 2561 οῦς,
999 2486 1204 2566 φασί,
1261 2478 1503 2568 σχολὴν
1560 2474 1770 2567 ἄγων·
1833 2468 1913 2568 ἢν
1956 2479 2083 2566 γάρ
2133 2505 2199 2546 τι
2244 2469 2365 2547 κάν

199 2575 433 2665 ὀλίγον
476 2579 1042 2671 ἐπιρρᾳθυμήσας
1087 2580 1296 2668 λάθῃ,
1344 2574 1843 2669 ἀφηνιάσαντες
1888 2581 1954 2649 οἱ
1997 2581 2212 2650 ἵπποι
2254 2585 2364 2649 καὶ

195 2685 320 2769 τῆς
363 2678 526 2750 ὁδοῦ
572 2683 1183 2769 παρατραπόμενοι
1234 2683 1647 2771 κατέφλεξαν
1691 2682 1775 2749 τὰ
1822 2683 2066 2751 πάντα.
2157 2678 2196 2773 ἧ
2242 2690 2366 2751 Σε-

199 2783 364 2873 λήνη
414 2784 487 2851 δὲ
535 2781 871 2914 ἄγρυπνος
913 2789 1028 2852 καὶ
1073 2779 1239 2874 αῦτὴ
1302 2791 1603 2872 περίεισι
1658 2790 1996 2873 φαίνουσα
2048 2799 2192 2864 τοῖς
2234 2812 2365 2852 κω-

196 2886 490 2971 μάζουσι
545 2892 658 2956 καὶ
711 2902 855 3008 1032}
902 2882 1072 2972 ἀωρὶ
1119 2881 1257 2954 ἀπὸ
1305 2914 1440 2955 των
1486 2888 1779 2956 δείπνων
1826 2886 2238 2956 ἐπανιοῦσιν.
2326 2885 2362 2955 ό

199 2989 558 3056 Απόλλων
601 3015 676 3057 τε
722 3018 802 3056 αυ
824 2990 1384 3109 πολυπράγμονα
1441 2990 1561 3075 τὴν
1605 2995 1834 3079 τέχνην
1881 2990 2368 3075 ἐπανελόμενος

199 3084 433 3178 ὀλίγου
480 3092 620 3158 δεῖν
662 3091 749 3159 τὰ
792 3118 934 3158 ωτα
987 3090 1453 3179 ἐκκεκώφωται
1510 3091 1682 3178 πρὸς
1738 3095 1870 3160 τῶν
1928 3091 2366 3176 ἐνοχλούντων

198 3220 370 3260 κατα
411 3200 644 3280 χρείαν
687 3198 806 3281 τῆς
848 3197 1186 3282 μαντικῆς,
1232 3197 1342 3261 καὶ
1391 3189 1546 3281 άρτι
1588 3195 1710 3279 μὲν
1757 3189 1938 3282 αὐτῷ
1971 3193 2041 3261 ἐν
2069 3197 2369 3283 Δελφοῖς

200 3291 563 3382 ἀναγκαῖον
609 3292 814 3377 εἶναι,
871 3289 1021 3380 μετ’
1084 3289 1310 3382 ὀλίγον
1364 3297 1438 3363 δὲ
1497 3296 1565 3376 ἐς
1611 3300 1992 3416 Κολοφῶνα
2048 3303 2197 3387 θεῖ,
2256 3292 2366 3365 κά·

196 3403 432 3466 κεῖθεν
478 3396 546 3476 ἐς
573 3397 852 3471 Ξάνθον
895 3403 1289 3482 μεταβαίνει
1331 3403 1444 3467 καὶ
1492 3400 1813 3486 δρομαῖος
1861 3383 2069 3478 αυθις
2113 3398 2205 3487 [ἐς
2248 3398 2368 3487 τὴν

198 3500 503 3587 Κλάρον,
563 3497 731 3587 εἶτα]
778 3498 846 3578 ἐς
887 3490 1200 3588 Δῆλον
1159 3527 1198 3588 η
1246 3499 1313 3580 ἐς
1358 3502 1763 3589 Βραγχίδας,
1818 3504 1932 3569 καὶ
1976 3498 2150 3580 όλως
2194 3500 2367 3568 ε’νθα

201 3629 283 3669 αν
327 3599 366 3691 ἦ
418 3601 798 3687 πρόμαντις
843 3605 1099 3669 πιοῦσα
1142 3605 1261 3668 τοῦ
1308 3603 1492 3689 ἱεροῦ
1538 3605 1833 3689 νάματος
1889 3606 1999 3670 καὶ
2056 3625 2365 3691 μασησα-

197 3709 362 3792 μένη
409 3707 529 3789 τῆς
576 3704 837 3792 δάφνης
880 3708 991 3771 καὶ
1037 3702 1155 3770 τὸν
1199 3705 1497 3791 τρίποδα
1556 3708 2033 3793 διασεισαμένη
2093 3704 2365 3792 κελεύση

199 3819 558 3893 παρεῖναι,
628 3801 870 3874 άοκνον
932 3802 1052 3892 χρὴ
1124 3799 1360 3873 αυτίκα
1426 3807 1611 3890 μάλα
1670 3807 2092 3892 παρεστάναι
2154 3807 2366 3886 ξυνεί-

201 3934 404 3994 ροντα
446 3934 604 3988 τους
644 3906 981 3995 χρησμοὺς
1010 3895 1052 3993 ἢ
1084 3907 1402 3990 οἴχεσθαί
1450 3910 1515 3976 οἱ
1543 3908 1664 3996 τὴν
1712 3909 1914 3988 δόξαν
1956 3912 2076 3997 τῆς
2121 3914 2366 3995 τέχνης.

102 4021 178 4072 '193
198 4010 294 4078 ἐῶ
340 4012 551 4097 λέγειν
608 4006 837 4079 ὁπόσα
896 4008 1011 4077 ἐπι
1074 4017 1281 4099 πείρᾳ
1338 4014 1458 4100 τῆς
1512 4014 1833 4098 μαντικῆς
1891 4009 2371 4093 ἐπιτεχνῶνται

312 4120 482 4165 Luem
507 4122 589 4165 111.
2037 4118 2056 4164 l
