2867 4525
898 276 1155 330 LUCIANI
1188 275 1456 330 MUSGAE
1491 277 1852 335 ENCOMIUM.
2332 280 2455 338 291

514 449 670 525 quod
712 451 774 510 in
819 450 1019 512 verbis
1045 445 1240 515 πάνυ.
1277 501 1291 516 .
1325 501 1340 515 .
1378 466 1680 533 συμμετρ.
1711 454 1886 532 inest,
1927 452 2192 529 nihilque
2238 454 2460 516 addunt

502 554 616 612 nisi
656 554 833 614 totius
878 555 968 614 rei
1009 571 1227 614 nomeu
1269 550 1723 635 ω’κύμορος.
1812 618 1819 623 ,

287 673 344 714 c.
418 659 475 714 5.
507 651 656 719 ου’ὁὲ
707 651 828 737 γὰρ
872 652 1118 736 θάρσος
1164 652 1330 723 ἀλλὰ
1372 652 1621 738 θράσος
1666 662 1862 737 φησὶν
1907 653 2073 738 αὐτῇ
2116 670 2453 739 προσεῖναι

503 751 525 838 Ι
554 750 618 841 []
649 757 816 819 det.
891 758 983 820 Cf.
1011 760 1254 819 Homeri
1282 760 1352 820 Il.
1384 760 1571 820 XVII.
1606 764 1726 820 570
1757 763 1865 822 καὶ
1896 762 1959 823 οὶ
1987 766 2178 841 μυίης
2206 754 2454 842 θάρσος

506 859 599 924 ένὶ
658 855 956 942 στήθεσσι
1013 863 1225 943 ἔθηκε.
1313 862 1486 924 Unde
1542 865 1708 939 patet
1764 862 1890 924 sola
1939 863 2166 923 ratione
2210 865 2454 923 metrica

502 962 820 1023 Homerum
875 959 1123 1044 θάρσος
1178 982 1296 1025 non
1351 960 1600 1045 θράσος
1657 963 1928 1025 tribuisse
1971 963 2228 1024 muscae.
2314 966 2453 1025 Non

502 1063 827 1141 probabilis
847 1067 1025 1143 igitur
1051 1065 1210 1143 apud
1240 1066 1567 1127 Lucianum
1594 1069 1744 1128 haec
1772 1067 2134 1144 philologica
2160 1067 2452 1144 quaedam

505 1166 820 1227 distinctio.

283 1285 321 1327 c
392 1270 449 1327 8.
481 1263 519 1349 ἡ
547 1271 807 1342 μέλιττα
837 1264 958 1347 οὐχ
987 1264 1213 1350 ἥκιστα
1232 1274 1452 1346 μυίαις
1474 1274 1599 1334 καὶ
1632 1266 2094 1353 α’νθρα’ποις
2125 1265 2450 1352 ἐργάζεται

500 1364 522 1451 Ι
565 1362 692 1453 [καὶ
737 1364 1140 1454 ἀνθρώποις]
1183 1371 1472 1432 Hercher.
1519 1404 1602 1416 -
1636 1374 1721 1435 ,οἱ
1766 1369 2080 1450 ὀψοποιοὶ
2121 1370 2144 1450 ΙΙ
2190 1390 2317 1433 om.
2363 1374 2450 1435 οἱ

503 1464 830 1535 ΩΨἬΓΦ
862 1472 1005 1532 Mut.

283 1591 341 1633 c.
413 1577 469 1636 9.
499 1570 796 1655 πλάνητα
840 1571 960 1655 τὴν
1001 1582 1240 1656 πτῆσεν
1284 1625 1298 1640 .
1333 1626 1347 1639 .
1381 1624 1398 1641 .
1449 1575 1893 1656 ἐπανῃρημένη
1926 1571 1949 1656 ΙΙ
1980 1574 2308 1635 errabundo
2343 1594 2447 1635 υο-

508 1674 631 1736 latu
672 1694 907 1737 sursum
944 1676 1112 1739 slata.
1187 1677 1363 1739 Latet
1390 1679 1453 1737 in
1484 1677 1577 1738 his
1607 1677 1805 1738 verbis
1831 1677 2023 1755 figura
2053 1678 2446 1755 etymologica

500 1773 794 1860 πλάνητα
838 1786 1072 1861 πτῆσιν
1101 1781 1415 1861 πετομένη
1448 1798 1602 1856 quae
1631 1780 1707 1840 ab
1738 1779 1852 1840 hac
1882 1780 2274 1857 descriptione
2302 1798 2446 1859 poe-

501 1882 618 1940 tica
651 1882 887 1942 minime
921 1882 1116 1942 aliena
1145 1886 1253 1943 est.
1286 1916 1370 1927 ——-
1401 1879 1554 1946 ου’ὃὲ
1585 1877 1827 1963 ἡγεῖταί
1854 1906 1916 1945 τι
1946 1877 2275 1963 αἰσχρὸν
2305 1905 2443 1945 ποι·

500 1995 614 2061 εῖν,
661 1977 703 2046 δ’
731 1983 801 2046 έν
846 1988 1017 2060 φωτὶ
1047 1980 1383 2065 ὁρεόμενον
1405 1987 1771 2064 Ιαἰσχυνεῖ
1796 1980 1999 2065 αὐτήν
2031 1982 2054 2064 ΙΙ
2087 1981 2444 2063 αἰσχύνει

497 2080 703 2148 ΑΨΒ.
731 2085 822 2164 (†)
845 2084 1170 2164 Corruptus
1199 2086 1296 2147 hic
1325 2087 1512 2160 locus,
1546 2089 1712 2147 cuius
1732 2089 1988 2164 sanitati,
2018 2089 2286 2162 quamvis
2308 2086 2444 2147 leve

500 2187 769 2248 videatur
815 2206 947 2249 esse
980 2191 1104 2249 eius
1146 2190 1381 2270 vulnus,
1426 2207 1622 2267 neque
1661 2189 1900 2250 codices
1929 2206 2124 2265 neque
2157 2188 2443 2250 editiones

499 2308 691 2366 neque
722 2292 874 2352 alius
905 2294 1213 2369 quisquam
1242 2292 1551 2370 hucusque
1581 2294 1886 2353 consulere
1915 2296 2079 2353 recte
2108 2296 2441 2371 potuerunt.

498 2392 831 2454 Voluissem
874 2394 996 2471 legi
1033 2390 1218 2472 ἐξόν
1245 2413 1357 2472 pro
1388 2390 1674 2476 αἰσχρόν,
1716 2396 1803 2456 ita
1828 2400 1896 2456 ut
1921 2394 2192 2456 laudetur
2219 2413 2441 2474 musca,

500 2495 660 2572 quod
712 2513 788 2555 ne
841 2496 902 2555 id
957 2496 1193 2573 quidem
1247 2495 1431 2557 faciat
1483 2497 1639 2573 quod
1682 2497 1883 2559 facere
1925 2499 2104 2558 liccat
2146 2492 2347 2576 (ἐξόν)
2391 2499 2442 2557 si

497 2596 557 2656 id
610 2598 673 2658 in
728 2597 862 2658 luce
917 2596 1137 2658 factum
1194 2598 1471 2658 dedecori
1523 2603 1629 2661 est.
1717 2600 1798 2660 At
1839 2595 1989 2677 ἐξὸν
2033 2601 2120 2659 sic
2166 2599 2441 2659 adiectivi

493 2701 657 2760 vices
702 2699 954 2778 implere
996 2698 1139 2760 ferri
1182 2702 1285 2760 vix
1328 2704 1545 2778 potest.

276 2819 332 2861 c.
362 2805 460 2861 10.
494 2806 647 2882 φησὶ
677 2844 694 2861 .
726 2844 743 2861 .
775 2797 813 2865 ὃ
857 2808 1069 2878 μῦθος
1099 2852 1114 2866 .
1148 2852 1163 2867 .
1202 2793 1565 2883 ἄνθρωπόν
1608 2825 1753 2866 τινα
1783 2811 2001 2866 Μυῖαν
2046 2797 2123 2865 τὸ
2167 2800 2439 2885 α’ρχαῖον

273 3227 330 3269 c.
364 3214 457 3275 11.

498 2905 796 2981 γενέσθαι
837 2952 854 2969 .
901 2952 917 2968 .
966 2953 982 2968 .
1030 2908 1139 2966 καὶ
1184 2901 1657 2985 α’ντερασθῆναι
1713 2926 1782 2983 γε
1824 2910 1904 2984 τῇ
1944 2899 2193 2984 Σελήνῃ
2238 2900 2436 2969 κατὰ

495 3000 570 3069 τὸ
615 3001 778 3070 αὐτὸ
810 3002 1176 3088 α’μφοτέρας
1205 3013 1327 3070 τοῦ
1360 3003 1783 3082 Ἐνδυμίωνος
1816 3003 1839 3085 ΙΙ
1871 3010 2005 3069 καὶ
2034 3002 2255 3070 κατὰ.
2313 3008 2436 3069 No-

493 3111 615 3167 tum
660 3113 751 3169 est
790 3112 899 3171 καὶ
943 3113 1003 3169 et
1043 3104 1206 3171 κατὰ
1238 3110 1300 3168 in
1330 3107 1634 3170 codicibus
1665 3108 1873 3169 eodem
1902 3108 2026 3170 fere
2055 3110 2209 3187 siglo
2241 3109 2435 3170 scribi.

499 3212 595 3269 12.
639 3206 865 3274 Πολλὰ
903 3206 986 3275 ἂν
1032 3208 1204 3291 εἶχον
1251 3214 1451 3275 εἰπεῖν
1494 3262 1508 3276 .
1559 3261 1573 3275 .
1622 3261 1637 3276 .
1686 3224 1962 3275 ,ποιεῖν
2006 3210 2031 3290 ΙΙ
2075 3211 2441 3273 Offendimur

494 3311 716 3389 duplici
768 3312 875 3373 illa
917 3315 1289 3389 peroratione
1302 3358 1320 3391 ,
1380 3332 1624 3390 quarum
1666 3314 1848 3391 priori
1891 3315 2177 3374 nonnulla
2219 3319 2279 3373 et
2319 3315 2438 3374 alia

490 3414 674 3474 multa
726 3418 1037 3475 narrantur
1090 3413 1164 3474 de
1229 3414 1627 3492 singularibus
1695 3414 2043 3491 quibusdam
2107 3433 2437 3476 muscarum

491 3516 826 3596 generibus,
872 3517 946 3578 de
975 3516 1335 3594 Pythagora,
1381 3518 1455 3577 de
1484 3519 1723 3595 nuptiis,
1770 3534 1925 3593 quae
1955 3534 2137 3594 supra
2167 3534 2271 3577 suo
2300 3519 2437 3579 loco

490 3619 805 3679 inserenda
848 3623 908 3680 et
950 3619 1258 3679 tractanda
1299 3617 1555 3698 fuerunt,
1604 3622 1719 3679 hoc
1762 3624 1957 3680 autem
2000 3619 2134 3678 loco
2178 3621 2433 3679 oratiun-

492 3721 661 3781 culae
690 3719 1029 3782 felieissime
1059 3721 1378 3800 dispositae
1401 3722 1667 3783 ordinem
1687 3723 1899 3783 misere
1922 3721 2179 3782 turbant.
2230 3721 2439 3783 Altera

489 3841 632 3884 vero
675 3826 1048 3902 peroratione
1091 3820 1305 3888 πολλὰ
1347 3821 1415 3887 ‹5'
1456 3820 1550 3887 ἔτι
1595 3826 1764 3903 ἔχων
1807 3828 2007 3889 εἰπεῖν
2037 3818 2432 3888 καταπαύσω

488 3921 607 3989 τὸν
637 3921 859 4006 λόγον,
902 3924 986 4007 μὴ
1031 3930 1139 3989 καὶ
1186 3921 1357 4004 δόξω
1388 3920 1552 3991 κατὰ
1581 3923 1700 4012 τὴν
1731 3932 2084 4009 παροιμίαν
2116 3927 2433 4004 ἐλέφαντα

489 4027 558 4091 ἐκ
600 4034 791 4105 μυίας
837 4040 1049 4094 ποιεῖν
1094 4030 1480 4090 suavissimae
1524 4029 1600 4091 de
1641 4048 1844 4091 musca
1882 4029 2260 4108 disputationi
2286 4030 2435 4107 lepi-

2016 4128 2125 4182 19*
