2867 4525
1096 258 1355 313 LUCIANI
1391 259 1474 312 DE
1511 259 1710 313 DOMO.
2356 259 2476 319 297

323 451 373 496 c.
406 434 959 514 23.,προσιέμενος
989 429 1014 516 ll
1046 451 1161 498 om.
1207 459 1228 497 ι
1272 433 1415 495 Ddf.

324 554 378 595 c.
406 539 508 596 27.
542 538 785 612 δίκαιος
831 579 848 595 .
896 579 910 594 .
958 532 1049 612 ὡς
1105 531 1276 616 πρὸς
1334 532 1457 600 τοὺ
1514 527 1755 612 ἷὶλλους
1799 531 1824 618 fl
1866 585 1880 601 .
1932 545 2298 616 comparatus
2354 556 2483 598 cum

537 635 670 698 aliis
712 636 788 699 cf.
835 637 909 698 de
952 639 1210 715 parasito
1256 657 1309 699 c.
1343 644 1402 698 4.
1448 638 1524 700 de
1570 639 1864 699 calumnia
1908 658 1960 700 c.
1996 643 2096 700 27.

323 759 378 802 c.
404 743 506 802 28.
538 737 819 817 ὁμαίμου
851 737 875 818 ΙΙ
906 735 1225 819 ὁμαίχμον
1270 741 1409 805 Cob.

323 862 374 907 e.
406 847 509 903 31.
542 837 677 927 ὅσῳ
743 837 866 924 γάρ
922 866 1019 919 τις
1076 838 1557 926 πιθανώτερος,
1629 862 1738 924 quo
1794 847 1921 924 quis
1978 843 2218 923 facilior
2270 854 2352 906 cst
2408 847 2487 908 ad

540 945 896 1006 credendum.

323 1067 379 1109 c.
406 1052 507 1110 32.
527 1042 860 1130 Ἡράκλεις
925 1044 1016 1125 ὡς
1078 1051 1493 1130 μειρακιῶδες
1549 1048 1814 1110 Luciano
1871 1047 2151 1128 frequens
2210 1052 2287 1112 ad
2346 1053 2485 1113 effe-

539 1151 781 1212 rendam
826 1151 1109 1229 adjectivi
1152 1152 1252 1212 vel
1296 1150 1563 1213 adverbii
1589 1154 1726 1213 vim.
1797 1152 1883 1214 Cf.
1915 1154 1993 1214 ad
2021 1154 2097 1216 de
2129 1154 2303 1216 domo
2336 1174 2388 1218 c.
2425 1159 2483 1216 2.

989 1574 1353 1643 LUGIANI
1396 1575 1517 1639 DE
1559 1571 1827 1641 DOMO.

419 1728 550 1792 Cod.
600 1728 758 1791 Gorl.
789 1756 874 1781 ===
901 1730 959 1795 A
1138 1728 1267 1795 Cod.
1319 1728 1506 1792 Marc.
1546 1734 1667 1791 434
1701 1757 1782 1780 =-
1814 1725 1884 1790 Ω
2060 1731 2196 1794 God.
2244 1731 2394 1793 Μαι.

325 1885 379 1927 c.
456 1874 508 1927 1.
541 1865 729 1931 οἶκον
785 1868 851 1930 δέ
907 1891 1003 1944 τις
1065 1863 1221 1930 ἰδὼν
1276 1869 1526 1946 μεγέθει
1574 1869 1874 1946 μέγιστον
1919 1872 2026 1930 καὶ
2069 1864 2290 1931 κάλλει
2334 1863 2484 1932 κάλ-

540 1976 764 2033 λιστον
808 1973 916 2032 καὶ
947 1975 1119 2048 φωτὶ
1150 1965 1588 2052 φαιδρότατον
1620 1974 1727 2033 καὶ
1749 1977 1977 2055 χρυσῷ
2008 1967 2483 2036 στιλπνότατον

541 2077 649 2135 καὶ
692 2084 971 2153 γραφαῖς
1016 2066 1473 2154 ἀνθηρότατον
1517 2069 1642 2136 οὐκ
1689 2067 1768 2136 ἂν
1814 2069 2221 2153 ἐπιθυμήσειε
2263 2068 2484 2153 λόγοις

544 2175 612 2238 ἐν
669 2172 849 2259 αὐτῷ
897 2176 1249 2240 διαθέσθαι.
1343 2173 1527 2248 Quasi
1571 2174 1865 2251 quoddam
1909 2176 2133 2252 grande
2179 2177 2484 2254 superlati-

540 2296 746 2340 vorum
787 2296 996 2358 genus‚
1042 2297 1158 2356 quo
1190 2280 1522 2340 citeriorum
1553 2282 1900 2356 scriptorum
1929 2281 2220 2356 graecitas
2249 2280 2488 2341 diversa

543 2400 580 2442 a
633 2385 898 2442 veterum
941 2382 1266 2442 Atticorum
1322 2383 1698 2459 simplicitate
1757 2386 1817 2442 et
1870 2382 2158 2443 brevitate
2207 2386 2485 2445 maiorem

545 2485 930 2545 auctoritaten
974 2489 1032 2545 et
1059 2484 1439 2562 splendorem
1480 2503 1626 2563 prae
1673 2503 1736 2546 se
1770 2485 1926 2546 ferre
1957 2485 2166 2550 studet.
2200 2517 2289 2530 —-
2317 2487 2486 2550 ἐνευ-

545 2589 879 2667 δοκιμῆσαι
911 2588 972 2647 et
1001 2581 1584 2667 ἐλλαμπρύνεσθαι.
1604 2619 1692 2630 -
1712 2588 1908 2647 Rarae
1936 2604 2118 2647 voces
2145 2590 2487 2666 posterioris

544 2690 902 2768 graecitatis,
949 2691 1112 2750 cuius
1142 2706 1390 2766 magnus
1420 2691 1655 2749 omnino
1686 2693 1778 2749 est
1805 2687 2227 2750 vocabulorum
2253 2689 2488 2750 thesau-

534 2803 683 2871 'rus;
731 2791 809 2852 cf.
855 2791 931 2853 de
978 2790 1284 2853 Calumnia
1327 2810 1381 2853 c.
1417 2796 1474 2852 3.

331 2912 383 2954 c.
455 2896 514 2953 2.
535 2888 865 2975 Ἡράκλεις
910 2890 999 2969 ὡς
1044 2890 1127 2957 οὐ
1171 2888 1538 2972 φιλοκάλου
1585 2936 1599 2953 .
1642 2936 1657 2952 .
1701 2888 1779 2955 τὸ
1823 2886 2019 2973 ἔργον
2051 2888 2349 2975 ΙΓΗρακλ.
2400 2890 2489 2970 ὡς

547 2996 905 3057 adverbialis
935 2995 1113 3057 dictio
1160 2995 1237 3056 ad
1280 2994 1611 3072 augendam
1640 2997 1762 3056 vim
1791 2996 2065 3056 adiectivi
2094 2998 2192 3057 vel
2222 2996 2490 3058 adverbii

549 3094 630 3162 οὗ
660 3092 1047 3177 φιλοκάλου.
1107 3097 1199 3160 Cf.
1218 3094 1478 3179 ιΗρακλ.
1509 3088 1600 3174 ὥς
1629 3099 1907 3177 γέλοιον,
1940 3094 2078 3180 “Ηρ.
2109 3095 2198 3176 ὡς
2228 3100 2488 3179 καταγέ-

548 3206 811 3281 λαστον,
845 3196 1100 3281 Ἡρακλ.
1149 3194 1296 3263 ὅσαι
1325 3194 1632 3281 μυριάδες
1674 3199 1751 3262 de
1792 3201 1931 3261 hist.
1976 3201 2268 3263 conscrib.
2299 3220 2351 3263 c.
2396 3206 2488 3263 19.

541 3299 756 3383 Ἡρακ.
817 3298 907 3378 ὡς
961 3304 1376 3382 μειρακιῶδες
1419 3301 1496 3362 de
1541 3303 1834 3362 calumnia
1876 3320 1925 3364 c.
1960 3306 2055 3367 32.
2104 3336 2191 3346 —
2234 3311 2357 3369 τοῦ
2398 3299 2494 3385 μὴ

552 3400 642 3466 ἂν
688 3407 1046 3485 δυνηθῆναι
1090 3395 1278 3481 ἄξιόν
1322 3427 1382 3466 τι
1418 3410 1555 3467 τῶν
1584 3405 2006 3480 βλεπομένων
2052 3408 2252 3468 εἰπεῖν
2284 3400 2309 3486 ΙΙ
2340 3404 2496 3466 Satis

555 3510 681 3566 erat
724 3508 941 3568 omisso
988 3502 1069 3570 ἂν
1115 3505 1374 3567 scribere
1406 3502 1493 3587 μὴ
1523 3510 1901 3587 δυνηθῆναι,
1945 3505 2055 3566 sed
2097 3506 2213 3566 hoc
2258 3524 2492 3582 quoque

555 3610 837 3670 seriorum
884 3612 1006 3688 est,
1050 3613 1116 3668 ut
1157 3609 1333 3669 latius
1374 3612 1616 3686 patente
1658 3624 1770 3667 usu
1811 3608 2136 3687 particulae
2175 3599 2276 3686 ἄν,
2322 3613 2499 3686 prout

553 3709 798 3771 lubebat
826 3710 902 3770 ad
933 3715 1125 3772 certos
1155 3710 1439 3787 quosdam
1472 3710 1716 3771 affectus
1746 3712 1924 3770 animi
1956 3709 2369 3788 exprimendos
2398 3712 2496 3770 vel

556 3813 806 3875 addatur
848 3814 947 3873 vel
992 3814 1286 3873 omittatur
1329 3814 1621 3890 particula
1665 3803 1764 3877 ἄν.

339 3935 389 3980 c.
465 3920 523 3977 3.
557 3911 721 3998 πρὸς
776 3910 856 3979 τὰ
917 3915 986 3979 ἐν
1035 3922 1130 4000 τῷ
1187 3912 1456 4000 ου’ρανῷ
1498 3912 1664 3980 καλὰ
1707 3911 1828 3979 τὸν
1871 3914 2186 3993 ἐλέφαντα
2230 3919 2339 3978 καὶ
2382 3910 2501 3979 τὸν

551 4013 800 4100 χρυσὸν
847 4014 1044 4100 αὐτῆς
1090 4012 1471 4097 ἀπεικάζειν.
1548 4017 1634 4083 cf.
1686 4018 1759 4078 de
1800 4035 1997 4095 paras,
2046 4036 2100 4078 c.
2133 4023 2192 4077 4.
