2867 4525
1076 282 1226 337 ΠΕΡΙ
1266 282 1645 336 ΠΑΡΑΣΙΤΟΥ.
2368 286 2444 342 27

279 457 397 522 καὶ
442 451 599 531 τοὺς
641 453 763 536 μὲν
810 451 1288 539 ξυντριβέντας,
1332 453 1490 532 τοὺς
1536 454 1607 520 δὲ
1652 455 1761 519 καὶ
1799 452 2095 538 πάμπαν
2140 454 2449 546 διαφθα-

283 562 549 641 ρέντας,
611 559 993 639 παρασίτου
1051 554 1125 620 δὲ
1181 555 1496 640 ναυάγιον
1556 549 1776 633 οὐδεὶς
1826 555 1960 639 ἔχει
2001 559 2308 623 τοιοῦτον
2354 557 2450 623 εἰ-

170 672 462 725 846πεῖν.
555 651 790 724 ούκοῦν
848 655 909 722 εἰ
964 656 1131 744 μήτε
1188 649 1457 740 ἀτεχνία
1517 656 1700 724 ἐστὶν
1741 653 1781 746 ἦ
1829 656 2239 747 παρασιτικὴ
2284 658 2451 747 μήτε

284 761 600 845 δύναμις,
661 758 966 846 σύστημα
1023 758 1098 823 δέ
1150 784 1220 826 τι
1280 756 1349 825 ἐκ
1391 758 1836 844 καταλήψεων
1879 765 2448 846 γεγυμνασμένων,

277 868 474 952 τέχνη
524 863 726 951 δῆλον
770 860 880 928 ὅτι
924 859 1418 950 διωμολόγηται
1464 857 1620 950 ἡμῖν
1663 860 1970 949 τήμερον.

458 971 518 1030 9.
572 971 779 1031 ΤΥΧ.
806 955 1011 1030 (Όσον
1048 960 1117 1028 ἐκ
1158 957 1398 1030 τούτου
1445 963 1713 1043 εἰκάζω·
1776 956 1927 1029 ἀλλ’
1980 963 2210 1047 ἐκεῖνο,
2256 965 2448 1044 ὅπως
2481 975 2520 1029 9

281 1070 397 1134 καὶ
446 1064 607 1149 όρον
651 1061 810 1153 ἡμῖν
854 1089 1006 1131 τινα
1048 1079 1352 1151 γενναῖον
1399 1059 1784 1144 ἀποδώσεις
1825 1069 1946 1153 τῆς
1981 1071 2448 1157 παρασιτικῆς.

458 1172 674 1235 ΠΛΡ.
715 1160 981 1256 Ὀρθῶς
1025 1166 1104 1232 σύ
1146 1191 1221 1253 γε
1266 1168 1492 1253 λέγων.
1568 1168 1750 1234 δοκεῖ
1790 1167 1917 1254 γὰρ
1964 1168 2042 1255 δή
2088 1195 2208 1253 μοι
2240 1162 2452 1249 οῧτως

282 1299 365 1338 αν
409 1270 707 1354 μάλιστα
753 1265 1089 1354 ωρίσθαι·
1165 1270 1575 1356 παρασιτική
1625 1267 1768 1337 ἐστι
1812 1274 2000 1359 τέχνη
2043 1274 2309 1338 ποτέων
2337 1274 2449 1338 καὶ

275 1378 594 1494 βρωτέων
651 1374 764 1438 καὶ
820 1374 956 1438 τῶν
1029 1369 1143 1438 δια
1203 1374 1414 1480 ταῦτα
1473 1372 1777 1453 λεκτέων,
1844 1374 2038 1451 τέλος
2109 1373 2181 1439 δὲ
2248 1369 2452 1461 αὐτῆς

278 1474 359 1541 τὸ
409 1471 556 1560 ηδύ.

463 1583 671 1644 ΤΥΧ.
710 1572 1060 1662 Ὑπέρευγέ
1114 1599 1234 1658 μοι
1293 1575 1509 1652 δοκεῖς
1567 1570 1945 1661 ορίσασθαι
2001 1603 2122 1663 την
2168 1579 2451 1643 σεαυτοῦ

276 1684 542 1765 τέχν-ἠν
623 1672 774 1745 ἀλλ’
841 1676 1048 1746 ἐκεῖνο
1109 1675 1525 1762 σκόπει,μή
1586 1676 1762 1762 πρὸς
1814 1678 2029 1756 ἐνίους
2070 1681 2205 1744 τῶν
2251 1679 2452 1767 φιλο-

286 1781 526 1869 σόφων
569 1780 744 1870 μάχη
793 1804 904 1849 σοι
948 1782 1107 1866 περὶ
1150 1782 1271 1847 τοῦ
1313 1781 1547 1857 τέλους
1590 1765 1652 1867 ᾗ.

454 1888 674 1951 ΠΛΡ.
726 1886 860 1950 Καὶ
904 1881 1036 1968 μήν
1082 1876 1345 1969 ἀπόχρη
1389 1905 1484 1968 γε,
1531 1881 1726 1965 εἰπερ
1773 1881 1964 1949 ε’σται
2007 1880 2083 1948 τὸ
2135 1878 2297 1948 αύτο
2343 1886 2453 1947 τέ-

281 1988 399 2064 λος
444 1978 870 2069 εὐδαιμονίας
912 1987 1025 2052 καὶ
1072 1987 1519 2070 παρασιτικῆς
1595 1990 1693 2051 10.
1740 1997 2057 2073 φανεῖται
2094 1977 2531 2063 &ogram-10

282 2085 318 2155 o‘
366 2087 496 2174 γὰρ
541 2085 757 2175 σοφὸς
784 2079 1078 2175 ’Όμηρος
1119 2084 1239 2152 τὸν
1293 2088 1415 2152 τοῦ
1463 2093 1844 2172 παρασίτου
1886 2092 2039 2172 βίον
2081 2086 2452 2171 θαυμάζων

284 2186 379 2269 ὥς
426 2184 558 2277 άρα
604 2190 932 2276 μακάριος
974 2190 1087 2255 καὶ
1134 2186 1426 2276 ζηλωτὸς
1473 2188 1575 2278 ε’ίη
1620 2188 1844 2274 μόνος,

417 2286 494 2359 οὗ
538 2291 664 2378 γὰρ
711 2290 913 2378 ε’γωγέ
955 2297 1026 2356 τί
1070 2315 1246 2412 φημι
1289 2293 1481 2369 τέλος
1526 2297 1954 2377 χαριέστερον
2000 2289 2192 2373 εἶναι,

413 2384 456 2482 ἢ
503 2387 613 2461 ότ’
667 2420 748 2460 αν
793 2389 1168 2519 εὐφροσύνη
1214 2393 1403 2478 μέν’
1383 2395 1493 2481 ε’χῃ
1538 2394 1708 2460 κάτα
1754 2394 1963 2483 δῆμον
2010 2388 2300 2475 άπαντα,

984 2494 1174 2581 παρὰ
1223 2496 1295 2563 δὲ
1340 2496 1669 2583 πλήθωσι
1712 2496 2043 2582 τράπεζαι

182 2601 267 2651 847
419 2604 612 2666 σίτου
656 2599 768 2665 καὶ
812 2600 1068 2683 κρειῶν,
1114 2603 1293 2681 μέθυ
1343 2593 1406 2664 δ
1463 2598 1530 2665 ἐκ
1566 2607 1889 2686 κρητῆρος
1935 2592 2259 2686 ἀφύσσων

416 2699 719 2784 οἰνοχόος
763 2705 1050 2787 φορέῃσι
1093 2702 1204 2767 καὶ
1251 2699 1464 2788 ἐγχείῃ
1521 2699 1869 2766 δεπάεσσι.

281 2808 394 2871 καὶ
453 2798 544 2881 ὥς
603 2797 717 2884 οὐχ
778 2803 1022 2880 ἱκανῶς
1075 2805 1289 2869 ταῦτα
1341 2800 1711 2886 θαυμάζων
1766 2802 2024 2885 μᾶλλον
2076 2799 2199 2889 τὴν
2247 2797 2452 2868 αὑτοῦ

280 2905 550 2994 γνώμην
595 2918 786 2972 ποιεῖ
831 2909 1302 2992 φανερωτέραν
1347 2929 1418 2970 ευ
1466 2905 1707 2989 λέγων·

456 3006 656 3074 τοῦτό
702 3013 774 3074 τί
813 3033 932 3091 μοι
975 3007 1330 3074 κάλλιστον
1375 3006 1472 3073 ἐνὶ
1519 3008 1758 3095 φρεσὶν
1803 3006 2057 3073 είδεται
2102 3003 2295 3088 εἶναι,

286 3104 404 3193 ούχ
450 3108 678 3194 ε’τερόν
732 3135 802 3176 τι
861 3109 934 3188 ἐξ
986 3136 1080 3176 ων
1139 3132 1377 3196 φησιν,
1439 3099 1483 3198 ἢ
1539 3108 1616 3174 τὸ
1678 3122 2081 3191 παρασιτεῖν
2134 3104 2452 3193 εύδαιμον

287 3212 608 3296 νομίζων·
705 3214 814 3278 καὶ
885 3210 1020 3298 μὴν
1077 3211 1231 3278 οὐδὲ
1289 3213 1389 3298 τῷ
1445 3210 1709 3294 τυχόντι
1776 3206 1968 3296 ἀνδρὶ
2025 3216 2453 3298 περιτέθεικε

284 3314 568 3390 τούτους
610 3311 766 3391 τοὺς
812 3313 1080 3399 λόγους,
1140 3307 1312 3379 ἀλλὰ
1355 3316 1455 3399 τῷ
1501 3311 1883 3400 σοφωτάτῳ
1936 3317 2069 3379 τιῦν
2108 3309 2449 3398 Ἑλλήνων.

282 3421 509 3483 καίτοι
552 3440 626 3502 γε
672 3414 866 3502 εἴπερ
926 3413 1236 3499 ἐβούλετο
1273 3408 1633 3494 Ὀδυσσεὺς
1688 3412 1765 3481 τὸ
1824 3414 1990 3481 κατὰ
2039 3413 2197 3492 τοὺς
2241 3420 2452 3481 Στωϊῑ-

282 3517 441 3597 κούς
498 3517 802 3586 ἐπαινεῖν
859 3519 1082 3599 τέλος,
1146 3515 1424 3583 ἐδύνατο
1481 3519 1673 3583 ταυτὶ
1734 3518 1944 3602 λέγειν
2001 3513 2115 3583 ὅτε
2158 3516 2275 3584 τὸν
2326 3523 2456 3582 Φι-

287 3619 611 3710 λοκτήτην
656 3614 979 3706 ἀνήγαγεν
1024 3618 1093 3685 ἐκ
1133 3622 1253 3705 τῆς
1295 3617 1603 3704 Λήμνου,
1659 3612 1772 3686 ὅτε
1812 3616 1890 3684 τὸ
1923 3613 2130 3686 Ἴλιον
2176 3612 2455 3706 ἐξεπόρ-

287 3727 535 3811 θησεν,
614 3715 729 3790 ὅτε
804 3720 962 3798 τοὺς
999 3713 1320 3808 Ἕλληνας
1387 3720 1756 3807 φεύγοντας
1811 3725 2150 3803 κατέσχεν,
2211 3712 2324 3787 ὅτε
2386 3720 2455 3798 ές

189 3839 272 3890 848
296 3831 548 3914 Τροίαν
594 3823 910 3912 εἰσῆλθεν
940 3821 1176 3891 ἑαυτὸν
1217 3821 1650 3908 μαστιγώσας
1693 3824 1803 3888 καὶ
1849 3821 2016 3889 κακὰ
2047 3825 2160 3890 καὶ
2189 3821 2452 3890 Στωϊκὰ

292 3926 455 4016 ῥάκη
505 3924 722 4005 ἐνδύς·
800 3919 970 3992 ἀλλὰ
1027 3924 1180 3991 τότε
1237 3918 1351 3990 οὒκ
1406 3919 1561 3991 εἶπε
1614 3928 1811 3991 τοῦτο
1871 3927 2063 4003 τέλος
2108 3929 2452 4010 χαριέστε-

292 4054 429 4115 ρον.
522 4023 692 4095 ἀλλὰ
735 4028 868 4117 μὴν
910 4029 1020 4093 καὶ
1068 4027 1136 4094 έν
1188 4030 1285 4113 τῷ
1328 4030 1463 4093 τῶν
1500 4020 1969 4113 Ἐπικουρείων
2010 4033 2141 4113 βίῳ
2182 4026 2451 4112 γενόμε-
