2867 4525
439 270 519 326 52
1337 263 1712 318 ΛΟΥΚΙΑΝΟΥ

606 441 920 504 ΑΝΑΧ.
973 431 1308 519 Ἄμεινον,
1356 417 1410 498 ὦ
1457 432 1715 512 Σόλων,
1765 429 2007 508 οῧτως·
2053 426 2219 497 καθ’
2274 427 2437 498 ὁδὸν
2481 431 2614 518 γὰρ

441 531 522 605 ἀν
563 535 720 627 ἡμῖν
767 534 801 605 ὃ
851 538 1045 624 λόγος
1074 537 1330 619 μᾶλλον
1361 539 1746 621 προχωροίη
1777 536 1889 601 καὶ
1934 527 2081 617 τάχ’
2137 523 2221 600 ἀν
2250 533 2422 611 ἰ’σως
2467 530 2609 601 ἀπὸ

439 640 693 708 τούτων
752 645 1112 727 πεισθείην
1168 630 1324 725 μηδ’
1389 634 1654 703 ἐκείνων
1712 635 1811 703 ἔτι
1868 638 2271 723 καταγελᾶν,
2340 635 2408 702 εἴ
2459 653 2730 704 τινα895

440 743 661 826 >ι’δοιμι
693 740 1174 825 σεμνυνόμενον
1204 727 1513 825 κοτίνῳῆ
1544 738 1786 825 σελίνῳ
1811 737 2389 828 ἐστεφανωμένον.
2451 732 2607 804 ἀλλ’

444 845 505 911 εἰ
551 845 746 920 δοκεῖ,
792 843 860 921 ἐς
901 840 977 909 τὸ
1026 841 1294 909 σύσκιον
1342 840 1553 907 ἐκεῖσε
1597 832 2022 917 ἀπελθόντες
2048 845 2447 924 καθίσωμεν
2495 839 2618 907 ἐπὶ

441 949 575 1012 τῶν
619 945 879 1025 θάκων,
938 939 1031 1021 ὥς
1085 941 1178 1031 μὴ
1228 942 1556 1026 ἐνοχλοῖεν
1599 937 1758 1030 ἡμῖν
1804 942 1871 1008 οἱ
1916 940 2428 1028 ἐπικεκραγότες
2469 955 2619 1021 τοῖς

445 1050 879 1115 παλαίουσιν·
926 1041 1147 1123 ἄλλως
1190 1070 1264 1112 τε
1292 1083 1379 1091 -
1409 1043 1750 1132 εἰρήσεται
1786 1044 1913 1129 γάρ
1944 1081 2029 1092 -
2060 1038 2216 1110 οὐδὲ
2261 1042 2379 1110 τὸν
2422 1041 2621 1133 ἥλιον

445 1150 547 1218 ἔτι
591 1149 842 1238 ῥᾳδίως
886 1142 1205 1232 ἀνέχομαι
1237 1141 1393 1225 ὀξὺν
1421 1149 1538 1214 καὶ
1577 1146 1892 1236 φλογώδη
1925 1143 2357 1231 ἐμπίπτοντα
2400 1150 2620 1235 γυμνῇ

445 1254 527 1341 τῇ
570 1252 831 1339 κεφαλῇ
846 1272 859 1287 ·
906 1250 1026 1316 τὸν
1053 1248 1181 1335 γὰρ
1215 1248 1418 1316 πῖλόν
1464 1274 1584 1333 μοι
1615 1242 1891 1336 ἀφελεῖν
1924 1248 2198 1316 οἴκοθεν
2231 1247 2477 1330 ἔδοξεν,
2527 1246 2621 1328 ὥς

443 1350 533 1440 μὴ
583 1350 832 1439 [μόνος]
878 1351 946 1418 ἐν
990 1348 1145 1436 ὑμῖν
1193 1350 1514 1434 ξενίζοιμι
1557 1354 1655 1437 τῷ
1701 1351 2007 1436 σχήματι.
2096 1346 2135 1438 ἡ
2187 1350 2259 1417 δὲ
2306 1343 2449 1436 ὥρα
2493 1355 2618 1419 τοῦ

447 1455 636 1533 ἔτους
680 1454 721 1521 ὅ
776 1482 843 1522 τι
887 1479 1016 1537 περ
1060 1452 1136 1521 τὸ
1193 1452 1711 1541 πυρωδέστατόν
1765 1452 1939 1535 ἐστι,
1992 1455 2115 1518 τοῦ
2160 1446 2471 1539 ἀστέρος,
2534 1454 2617 1521 ὃν

443 1554 632 1642 υμεῖς
661 1555 819 1624 κύνα
850 1561 1044 1644 φατέ,
1092 1549 1319 1622 πάντα
1352 1556 1885 1642 καταφλέγοντος
1914 1557 2028 1621 καὶ
2072 1552 2189 1621 τόν
2220 1548 2386 1640 ἀέρα
2418 1554 2621 1644 ξηρὸν

442 1662 555 1727 καὶ
614 1660 855 1748 διακαῆ
910 1663 1252 1740 τιθέντος,
1289 1654 1359 1724 ό
1412 1681 1487 1722 τε
1541 1648 1730 1745 ἥλιος
1784 1655 1953 1723 κατὰ
2010 1663 2431 1744 μεσημβρίαν
2489 1652 2619 1747 ἤδη

442 1758 615 1846 ὑπὲρ
677 1761 974 1849 κεφαλῆς
1040 1758 1459 1843 ἐπικείμενος
1525 1758 1826 1845 φλογμὸν
1886 1762 2123 1825 τοῦτον
2181 1753 2259 1825 ού
2318 1758 2621 1846 φορητὸν

448 1858 686 1948 ἐπάγει
712 1875 855 1939 τοῖς
880 1861 1207 1946 σώμασιν.
1254 1852 1428 1927 ὥστε
1450 1862 1562 1927 καὶ
1591 1863 1712 1926 σοῦ
1733 1859 2088 1944 θαυμάζω,
2122 1852 2315 1939 όπως
2336 1860 2621 1950 γηραιὸς

450 1960 576 2051 ἤδη
626 1959 995 2049 άνθρωπος
1039 1988 1131 2028 ων
1163 1987 1315 2028 ουτε
1360 1961 1556 2040 ἰδίεις
1587 1962 1760 2050 πρὸς
1790 1961 1865 2029 τὸ
1900 1961 2179 2041 θάλπος
2224 1984 2453 2046 ωσπερ
2485 1960 2616 2048 ἐγω

449 2061 603 2133 οὔτε
646 2056 820 2142 ὅλως
852 2063 1300 2149 ἐνοχλουμένῳ
1332 2063 1554 2143 ἔοικας
1586 2059 1739 2131 οὐδὲ
1772 2065 2214 2150 περιβλέπεις
2246 2065 2518 2133 σύσκιόν
2548 2093 2621 2133 τι

453 2167 624 2235 ἔνθα
669 2163 998 2253 ὖποδύσῃ,
1047 2159 1222 2231 ἀλλὰ
1268 2166 1418 2253 δέχῃ
1464 2165 1580 2232 τὸν
1618 2164 1805 2254 ἥλιον
1852 2160 2176 2251 εὐμαρῶς.

621 2273 839 2336 BOA.
924 2269 1011 2335 Oi
1041 2267 1324 2352 μάταιοι
1351 2265 1476 2353 γὰρ
1510 2260 1696 2336 οὗτοι
1728 2267 1951 2344 πόνοι,
1998 2254 2053 2333 ὦ
2077 2263 2456 2354 Ἀνάχαρσι,
2501 2273 2619 2337 καὶ

441 2374 526 2439 ἀἱ
574 2385 861 2454 συνεχεῖς
907 2368 974 2436 ἐν
1018 2372 1117 2455 τῷ
1162 2370 1358 2456 πηλῷ
1401 2370 1825 2455 κυβιστήσεις
1866 2373 1980 2437 καὶ
2014 2371 2084 2437 αἱ
2128 2367 2501 2456 ὑπαίθριοι
2548 2371 2621 2439 ἐν

451 2477 540 2563 τῇ
562 2473 846 2560 ’ψάμμω
900 2472 1366 2557 ταλαιπωρίαι
1406 2475 1605 2539 τοῦτο
1649 2468 1807 2556 ἡμῖν
1838 2471 1914 2538 τὸ
1951 2466 2355 2560 ἀμυντήριον
2400 2480 2621 2561 παρέ-

446 2598 640 2659 χουσι
671 2573 845 2660 πρὸς
872 2598 996 2652 τας
1024 2577 1144 2641 τοῦ
1172 2569 1364 2662 ἡλίου
1391 2574 1621 2658 βολάς,
1661 2577 1769 2641 καὶ
1806 2574 2024 2642 οὐκέτι
2054 2577 2259 2642 πίλου
2293 2576 2620 2660 δεόμεθα,

452 2675 528 2756 ὃς
557 2676 676 2774 τὴν
709 2670 943 2744 ἀκτῖνα
971 2673 1255 2743 κωλύσει
1277 2680 1762 2743 καθικνεῖσθαι
1790 2679 1906 2765 τῆς
1935 2679 2252 2766 κεφαλῆς.
2305 2671 2622 2763 ἀπίωμεν

367 2793 434 2848 17
454 2774 515 2845 δ’
570 2775 704 2847 οὖν.
784 2785 881 2845 17.
911 2771 1080 2846 καὶ
1054 2771 1245 2857 όπως
1273 2777 1362 2866 μὴ
1394 2777 1714 2865 καθάπερ
1748 2777 1981 2862 νόμοις
2018 2779 2371 2864 προσέξεις
2401 2771 2584 2859 οἶς”
2538 2806 2742 2857 αν89θ

447 2882 618 2966 λέγω
664 2879 839 2966 πρὸς
878 2885 970 2962 σέ,
1019 2876 1109 2958 ὥς
1140 2872 1270 2959 ἐξ
1240 2873 1543 2959 άπαντος
1572 2880 1914 2948 πιστεύειν
1945 2873 2192 2962 αυτοῖς,
2241 2875 2392 2948 ἀλλ’
2446 2881 2626 2950 ε’νθα

452 3007 533 3048 αν
580 3005 690 3048 σοι
730 2981 821 3069 μὴ
869 2975 1098 3066 ὀρθῶς
1141 3007 1209 3049 τι
1254 2984 1580 3066 λέγεσθαι
1625 2982 1804 3071 δοκῇ,
1854 2976 2224 3069 ἀντιλέγειν
2258 2978 2467 3063 ευθὺς
2510 2989 2625 3052 καὶ

454 3082 830 3150 διευθύνειν
873 3082 993 3150 τὸν
1039 3082 1265 3169 λόγον·
1313 3085 1498 3153 δυοῖν
1541 3084 1666 3172 γὰρ
1712 3089 2011 3170 θατέρου
2055 3084 2333 3165 πάντως
2377 3080 2496 3155 οὐκ
2542 3077 2625 3154 ἃν

455 3180 883 3270 ἁμάρτοιμεν,
931 3175 971 3273 ἢ
1018 3184 1092 3251 σὲ
1127 3192 1422 3270 βεβαίως
1449 3190 1828 3277 πεισθῆναι
1860 3185 2170 3270 ἐκχέαντα
2216 3184 2445 3255 ὁπόσα
2490 3190 2624 3256 οἴει

454 3279 838 3354 ἀντιλεκτέα
885 3277 1131 3354 εἶναι
1088 3314 1127 3376 η
1176 3287 1292 3372 ἐμὲ
1338 3287 1875 3375 ἀναδιδαχθῆναι
1913 3314 2009 3368 ως
2053 3283 2172 3356 οὐκ
2217 3284 2448 3376 ορθως
2477 3316 2626 3378 γιγ-

453 3388 682 3456 νώσκω
728 3390 888 3475 περὶ
933 3384 1172 3456 αύτῶν.
1249 3393 1360 3458 καὶ
1393 3389 1460 3456 ἐν
1488 3390 1705 3478 τούτω
1737 3394 1930 3457 πᾶσα
1976 3417 2057 3457 αν
2103 3414 2215 3459 σοι
2256 3388 2296 3477 ἡ
2345 3389 2621 3472 πόλις”
2582 3420 2623 3481 η

442 3487 829 3579 Αθηναίων
877 3484 993 3557 οὐκ
1037 3516 1119 3557 αν
1165 3490 1431 3581 φθάνοι
1470 3486 1665 3580 χάριν
1698 3489 2148 3580 ὁμολογοῦσα·
2193 3493 2325 3561 ὅσα
2366 3493 2496 3581 γὰρ
2543 3523 2627 3563 αν

452 3593 567 3678 ἐμὲ
612 3592 983 3682 παιδεύσῃς
1026 3598 1139 3662 καὶ
1168 3601 1584 3682 μεταπείσης
1613 3593 1789 3682 πρὸς
1816 3593 1892 3662 τὸ
1924 3596 2209 3681 βέλτιον,
2256 3593 2509 3685 ἐκείνην
2538 3597 2627 3664 τὰ

450 3699 782 3781 μέγιστα’
762 3695 877 3784 ε’σῃ
910 3690 1292 3785 ὠφεληκώς.
1349 3694 1540 3765 οῦδὲν
1567 3695 1694 3784 γὰρ
1727 3723 1806 3763 αν
1838 3691 2365 3785 ἀποκρυψαίμην
2399 3693 2625 3788 αὐτήν,

454 3791 604 3863 ἀλλ’
670 3791 874 3876 εὐθὺς
919 3796 987 3876 ἐς
1028 3798 1106 3866 τὸ
1153 3803 1361 3883 μέσον
1402 3798 1774 3889 καταθήσω
1833 3803 2059 3889 φέρων
2115 3801 2228 3865 καὶ
2286 3801 2628 3880 καταστὰς

454 3900 523 3966 ἐν
566 3901 650 3986 τῇ
694 3902 891 3967 πνυκὶ
938 3899 1068 3985 ἐρῶ
1113 3900 1287 3990 πρός
1346 3894 1685 3982 ἅπαντας,
1729 3897 2009 3986 Ἄνδρες
2044 3894 2437 3990 Ἀθηναῖοι,
2500 3901 2628 3989 ἐγώ

452 4001 573 4083 μὲν
617 3996 771 4085 ὗμῖν
816 4000 1082 4088 ἔγραψα
1125 4002 1282 4083 τοὺς
1327 4003 1571 4088 νόμους
1615 4003 1800 4082 οἵους
1858 4000 1985 4092 [ἄν]
2029 3999 2222 4092 ᾤμην
2265 3997 2627 4092 ὠφελιμω-
