<?xml version="1.0" encoding="UTF-8"?>
<!DOCTYPE html PUBLIC "-//W3C//DTD XHTML 1.0 Transitional//EN"
    "http://www.w3.org/TR/xhtml1/DTD/xhtml1-transitional.dtd">
<html xmlns="http://www.w3.org/1999/xhtml" xml:lang="en" lang="en">
 <head>
  <title>
</title>
<meta http-equiv="Content-Type" content="text/html;charset=utf-8" />
  <meta name='ocr-system' content='tesseract 3.04.00' />
  <meta name='ocr-capabilities' content='ocr_page ocr_carea ocr_par ocr_line ocrx_word'/>
</head>
<body>
  <div class='ocr_page' id='page_1' title='image "./lucianus02sommgoog/lucianus02sommgoog_0064.png"; bbox 0 0 2867 4525; ppageno 0'>
   <div class='ocr_carea' id='block_1_1' title="bbox 489 268 1755 329">
    <p class='ocr_par' dir='ltr' id='par_1_1' title="bbox 489 268 1755 329">
     <span class='ocr_line' id='line_1_1' title="bbox 489 268 1755 329; baseline -0.005 -2"><span class='ocrx_word' id='word_1_1' title='bbox 489 270 569 327; x_wconf 84' lang='lat'><strong><em>46</em></strong></span> <span class='ocrx_word' id='word_1_2' title='bbox 1379 268 1755 329; x_wconf 80' lang='grc' dir='ltr'><strong>ΛΟΥΚΙΑΝΟΥ</strong></span> 
     </span>
    </p>
   </div>
   <div class='ocr_carea' id='block_1_2' title="bbox 674 558 2469 708">
    <p class='ocr_par' dir='ltr' id='par_1_2' title="bbox 674 558 2469 708">
     <span class='ocr_line' id='line_1_2' title="bbox 674 558 2469 708; baseline -0.004 -39"><span class='ocrx_word' id='word_1_3' title='bbox 674 558 1311 672; x_wconf 69' lang='grc' dir='ltr'><strong>ΑΝΑΧΑΡΣΙΣ</strong></span> <span class='ocrx_word' id='word_1_4' title='bbox 1355 611 1412 662; x_wconf 78' lang='lat' dir='ltr'>n</span> <span class='ocrx_word' id='word_1_5' title='bbox 1456 590 1730 708; x_wconf 71' lang='grc' dir='ltr'>ΠΕΡΙ</span> <span class='ocrx_word' id='word_1_6' title='bbox 1779 590 2469 673; x_wconf 71' lang='grc' dir='ltr'><strong>ΓΥΜΝΑΣΙῼΝ.</strong></span> 
     </span>
    </p>
   </div>
   <div class='ocr_carea' id='block_1_3' title="bbox 2094 730 2120 741">
    <p class='ocr_par' dir='ltr' id='par_1_3' title="bbox 2094 730 2120 741">
     <span class='ocr_line' id='line_1_3' title="bbox 2094 730 2120 741; baseline 0 0"><span class='ocrx_word' id='word_1_7' title='bbox 2094 730 2120 741; x_wconf 60' lang='lat' dir='ltr'><em>n</em></span> 
     </span>
    </p>
   </div>
   <div class='ocr_carea' id='block_1_4' title="bbox 414 741 2842 4097">
    <p class='ocr_par' dir='ltr' id='par_1_4' title="bbox 421 741 2842 2264">
     <span class='ocr_line' id='line_1_4' title="bbox 421 741 2664 830; baseline 0.001 -20"><span class='ocrx_word' id='word_1_8' title='bbox 421 760 454 810; x_wconf 93' lang='lat'>1</span> <span class='ocrx_word' id='word_1_9' title='bbox 667 753 720 812; x_wconf 92' lang='lat'><strong><em>1.</em></strong></span> <span class='ocrx_word' id='word_1_10' title='bbox 767 749 1357 812; x_wconf 86' lang='grc' dir='ltr'><em>ΑΝΑΧΑΡΣΙΣ.</em></span> <span class='ocrx_word' id='word_1_11' title='bbox 1452 748 1681 811; x_wconf 84' lang='grc' dir='ltr'><strong><em>Ταῦτα</em></strong></span> <span class='ocrx_word' id='word_1_12' title='bbox 1729 746 1801 811; x_wconf 81' lang='grc' dir='ltr'><strong><em>δὲ</em></strong></span> <span class='ocrx_word' id='word_1_13' title='bbox 1842 742 2019 830; x_wconf 77' lang='grc' dir='ltr'><strong><em>ύμῖν,</em></strong></span> <span class='ocrx_word' id='word_1_14' title='bbox 2067 741 2119 812; x_wconf 84' lang='grc' dir='ltr'><strong><em>ῶ</em></strong></span> <span class='ocrx_word' id='word_1_15' title='bbox 2167 744 2427 824; x_wconf 82' lang='grc' dir='ltr'><em>Σόλων,</em></span> <span class='ocrx_word' id='word_1_16' title='bbox 2475 752 2664 825; x_wconf 86' lang='grc' dir='ltr'><strong><em>τίνος</em></strong></span> 
     </span>
     <span class='ocr_line' id='line_1_5' title="bbox 492 842 2663 933; baseline 0 -20"><span class='ocrx_word' id='word_1_17' title='bbox 492 847 680 914; x_wconf 72' lang='grc' dir='ltr'><strong><em>ἕνεκα</em></strong></span> <span class='ocrx_word' id='word_1_18' title='bbox 727 848 793 914; x_wconf 82' lang='grc' dir='ltr'><strong><em>οἱ</em></strong></span> <span class='ocrx_word' id='word_1_19' title='bbox 840 852 980 914; x_wconf 95' lang='grc' dir='ltr'><strong><em>νέοι</em></strong></span> <span class='ocrx_word' id='word_1_20' title='bbox 1024 851 1341 914; x_wconf 82' lang='grc' dir='ltr'><strong><em>ποιοῦσιν</em></strong></span> <span class='ocrx_word' id='word_1_21' title='bbox 1356 877 1378 931; x_wconf 89' lang='grc'><strong><em>,·</em></strong></span> <span class='ocrx_word' id='word_1_22' title='bbox 1423 848 1490 914; x_wconf 81' lang='grc' dir='ltr'><strong><em>οἱ</em></strong></span> <span class='ocrx_word' id='word_1_23' title='bbox 1534 848 1654 932; x_wconf 81' lang='grc' dir='ltr'><strong><em>μὲν</em></strong></span> <span class='ocrx_word' id='word_1_24' title='bbox 1688 842 1905 915; x_wconf 76' lang='grc' dir='ltr'><strong><em>αὐτῶν</em></strong></span> <span class='ocrx_word' id='word_1_25' title='bbox 1936 848 2503 933; x_wconf 79' lang='grc' dir='ltr'><strong><em>περιπλεκόμενοι</em></strong></span> <span class='ocrx_word' id='word_1_26' title='bbox 2535 844 2663 915; x_wconf 89' lang='grc' dir='ltr'><strong><em>ἀλ-</em></strong></span> 
     </span>
     <span class='ocr_line' id='line_1_6' title="bbox 491 944 2665 1037; baseline 0.002 -22"><span class='ocrx_word' id='word_1_27' title='bbox 491 948 733 1037; x_wconf 87' lang='grc' dir='ltr'><strong><em>λήλους</em></strong></span> <span class='ocrx_word' id='word_1_28' title='bbox 791 944 1373 1030; x_wconf 71' lang='grc' dir='ltr'><strong><em>ὑποσκελίζουσιν,</em></strong></span> <span class='ocrx_word' id='word_1_29' title='bbox 1437 950 1504 1016; x_wconf 81' lang='grc' dir='ltr'><strong><em>οἱ</em></strong></span> <span class='ocrx_word' id='word_1_30' title='bbox 1559 950 1628 1016; x_wconf 79' lang='grc' dir='ltr'><strong><em>δὲ</em></strong></span> <span class='ocrx_word' id='word_1_31' title='bbox 1687 945 1963 1036; x_wconf 76' lang='grc' dir='ltr'><strong><em>ἄγχουσι</em></strong></span> <span class='ocrx_word' id='word_1_32' title='bbox 2005 952 2118 1016; x_wconf 90' lang='grc' dir='ltr'><strong><em>καὶ</em></strong></span> <span class='ocrx_word' id='word_1_33' title='bbox 2163 950 2500 1037; x_wconf 80' lang='grc' dir='ltr'><strong><em>λυγίζουσι</em></strong></span> <span class='ocrx_word' id='word_1_34' title='bbox 2543 955 2665 1019; x_wconf 87' lang='grc' dir='ltr'><strong><em>καὶ</em></strong></span> 
     </span>
     <span class='ocr_line' id='line_1_7' title="bbox 491 1045 2662 1139; baseline 0.001 -22"><span class='ocrx_word' id='word_1_35' title='bbox 491 1051 558 1117; x_wconf 82' lang='grc' dir='ltr'><strong><em>έν</em></strong></span> <span class='ocrx_word' id='word_1_36' title='bbox 619 1055 716 1139; x_wconf 74' lang='grc' dir='ltr'><strong><em>τῷ</em></strong></span> <span class='ocrx_word' id='word_1_37' title='bbox 775 1053 974 1139; x_wconf 72' lang='grc' dir='ltr'><strong><em>πηλῷ</em></strong></span> <span class='ocrx_word' id='word_1_38' title='bbox 1033 1051 1617 1139; x_wconf 85' lang='grc' dir='ltr'><strong><em>συναναφύρονται</em></strong></span> <span class='ocrx_word' id='word_1_39' title='bbox 1659 1051 2158 1137; x_wconf 82' lang='grc' dir='ltr'><strong><em>κυλινδούμενοι</em></strong></span> <span class='ocrx_word' id='word_1_40' title='bbox 2203 1045 2437 1139; x_wconf 75' lang='grc' dir='ltr'><strong><em>ὥσπερ</em></strong></span> <span class='ocrx_word' id='word_1_41' title='bbox 2483 1052 2662 1132; x_wconf 84' lang='grc' dir='ltr'><strong><em>σύες.</em></strong></span> 
     </span>
     <span class='ocr_line' id='line_1_8' title="bbox 488 1146 2842 1250; baseline 0.001 -30"><span class='ocrx_word' id='word_1_42' title='bbox 488 1159 712 1221; x_wconf 88' lang='grc' dir='ltr'><strong><em>καίτοι</em></strong></span> <span class='ocrx_word' id='word_1_43' title='bbox 754 1148 907 1220; x_wconf 71' lang='grc' dir='ltr'><strong><em>κατ’</em></strong></span> <span class='ocrx_word' id='word_1_44' title='bbox 962 1147 1168 1237; x_wconf 76' lang='grc' dir='ltr'><strong><em>ἀρχὰς</em></strong></span> <span class='ocrx_word' id='word_1_45' title='bbox 1212 1147 1418 1231; x_wconf 80' lang='grc' dir='ltr'><strong><em>εὗθὺς</em></strong></span> <span class='ocrx_word' id='word_1_46' title='bbox 1463 1146 1969 1238; x_wconf 88' lang='grc' dir='ltr'><strong><em>ἀποδυσάμενοι</em></strong></span> <span class='ocrx_word' id='word_1_47' title='bbox 2015 1194 2098 1202; x_wconf 90' lang='lat'><strong>—</strong></span> <span class='ocrx_word' id='word_1_48' title='bbox 2141 1153 2369 1240; x_wconf 77' lang='grc' dir='ltr'><strong><em>ἑώρων</em></strong></span> <span class='ocrx_word' id='word_1_49' title='bbox 2412 1154 2541 1242; x_wconf 86' lang='grc' dir='ltr'><strong><em>γάρ</em></strong></span> <span class='ocrx_word' id='word_1_50' title='bbox 2577 1195 2667 1205; x_wconf 90' lang='grc'>-</span> <span class='ocrx_word' id='word_1_51' title='bbox 2841 1229 2842 1250; x_wconf 14' lang='grc' dir='ltr'>ἦ</span> 
     </span>
     <span class='ocr_line' id='line_1_9' title="bbox 491 1250 2774 1345; baseline 0 -24"><span class='ocrx_word' id='word_1_52' title='bbox 491 1258 662 1324; x_wconf 87' lang='grc' dir='ltr'><strong><em>λίπα</em></strong></span> <span class='ocrx_word' id='word_1_53' title='bbox 719 1281 793 1322; x_wconf 91' lang='grc' dir='ltr'><strong><em>τε</em></strong></span> <span class='ocrx_word' id='word_1_54' title='bbox 837 1250 1209 1345; x_wconf 81' lang='grc' dir='ltr'><strong><em>ἠλείψαντο</em></strong></span> <span class='ocrx_word' id='word_1_55' title='bbox 1255 1259 1364 1322; x_wconf 85' lang='grc' dir='ltr'><strong><em>καὶ</em></strong></span> <span class='ocrx_word' id='word_1_56' title='bbox 1417 1261 1759 1344; x_wconf 82' lang='grc' dir='ltr'><strong><em>κατέψησε</em></strong></span> <span class='ocrx_word' id='word_1_57' title='bbox 1801 1256 1984 1341; x_wconf 90' lang='grc' dir='ltr'><strong><em>μάλα</em></strong></span> <span class='ocrx_word' id='word_1_58' title='bbox 2029 1257 2373 1345; x_wconf 81' lang='grc' dir='ltr'><strong><em>εἰρηνικῶς</em></strong></span> <span class='ocrx_word' id='word_1_59' title='bbox 2419 1256 2774 1343; x_wconf 74' lang='grc' dir='ltr'><strong><em>ἅτερος884</em></strong></span> 
     </span>
     <span class='ocr_line' id='line_1_10' title="bbox 488 1350 2842 1445; baseline 0.001 -21"><span class='ocrx_word' id='word_1_60' title='bbox 488 1358 606 1426; x_wconf 82' lang='grc' dir='ltr'><strong><em>τὸν</em></strong></span> <span class='ocrx_word' id='word_1_61' title='bbox 656 1358 880 1444; x_wconf 75' lang='grc' dir='ltr'><strong><em>ἕτερον</em></strong></span> <span class='ocrx_word' id='word_1_62' title='bbox 926 1357 993 1427; x_wconf 77' lang='grc' dir='ltr'><strong><em>ἓν</em></strong></span> <span class='ocrx_word' id='word_1_63' title='bbox 1038 1361 1134 1445; x_wconf 78' lang='grc' dir='ltr'><strong><em>τῷ</em></strong></span> <span class='ocrx_word' id='word_1_64' title='bbox 1179 1362 1385 1442; x_wconf 85' lang='grc' dir='ltr'><strong><em>μέρει,</em></strong></span> <span class='ocrx_word' id='word_1_65' title='bbox 1429 1357 1600 1443; x_wconf 79' lang='grc' dir='ltr'><strong><em>μετὰ</em></strong></span> <span class='ocrx_word' id='word_1_66' title='bbox 1649 1359 1720 1426; x_wconf 82' lang='grc' dir='ltr'><strong><em>δὲ</em></strong></span> <span class='ocrx_word' id='word_1_67' title='bbox 1766 1352 1882 1425; x_wconf 76' lang='grc' dir='ltr'><strong><em>οὒκ</em></strong></span> <span class='ocrx_word' id='word_1_68' title='bbox 1922 1351 2057 1426; x_wconf 75' lang='grc' dir='ltr'><strong><em>οἶδ’</em></strong></span> <span class='ocrx_word' id='word_1_69' title='bbox 2110 1350 2149 1425; x_wconf 78' lang='lat'><strong><em>5&#39;</em></strong></span> <span class='ocrx_word' id='word_1_70' title='bbox 2194 1385 2262 1426; x_wconf 90' lang='grc' dir='ltr'><strong><em>τι</em></strong></span> <span class='ocrx_word' id='word_1_71' title='bbox 2306 1358 2669 1439; x_wconf 74' lang='grc' dir='ltr'><strong><em>παθόντες</em></strong></span> <span class='ocrx_word' id='word_1_72' title='bbox 2841 1373 2842 1376; x_wconf 76' lang='grc'>’</span> 
     </span>
     <span class='ocr_line' id='line_1_11' title="bbox 492 1455 2669 1548; baseline 0.001 -23"><span class='ocrx_word' id='word_1_73' title='bbox 492 1457 757 1528; x_wconf 79' lang='grc' dir='ltr'><strong><em>ὠθοῦσί</em></strong></span> <span class='ocrx_word' id='word_1_74' title='bbox 800 1486 874 1527; x_wconf 92' lang='grc' dir='ltr'><strong><em>τε</em></strong></span> <span class='ocrx_word' id='word_1_75' title='bbox 919 1459 1246 1548; x_wconf 79' lang='grc' dir='ltr'><strong><em>ἀλλήλους</em></strong></span> <span class='ocrx_word' id='word_1_76' title='bbox 1291 1455 1784 1539; x_wconf 86' lang='grc' dir='ltr'><strong><em>συννενευκότες</em></strong></span> <span class='ocrx_word' id='word_1_77' title='bbox 1834 1463 1948 1528; x_wconf 89' lang='grc' dir='ltr'><strong><em>καὶ</em></strong></span> <span class='ocrx_word' id='word_1_78' title='bbox 1991 1461 2076 1526; x_wconf 84' lang='grc' dir='ltr'><strong><em>τὰ</em></strong></span> <span class='ocrx_word' id='word_1_79' title='bbox 2121 1466 2408 1545; x_wconf 87' lang='grc' dir='ltr'><strong><em>μέτωπα</em></strong></span> <span class='ocrx_word' id='word_1_80' title='bbox 2454 1483 2669 1528; x_wconf 85' lang='grc' dir='ltr'><strong><em>συνα-</em></strong></span> 
     </span>
     <span class='ocr_line' id='line_1_12' title="bbox 491 1554 2668 1652; baseline 0.001 -23"><span class='ocrx_word' id='word_1_81' title='bbox 491 1562 848 1649; x_wconf 90' lang='grc' dir='ltr'><strong><em>ράττουσιν</em></strong></span> <span class='ocrx_word' id='word_1_82' title='bbox 906 1557 1135 1648; x_wconf 78' lang='grc' dir='ltr'><strong><em>ῶσπερ</em></strong></span> <span class='ocrx_word' id='word_1_83' title='bbox 1195 1563 1261 1629; x_wconf 80' lang='grc' dir='ltr'><strong><em>οἱ</em></strong></span> <span class='ocrx_word' id='word_1_84' title='bbox 1317 1569 1510 1649; x_wconf 88' lang='grc' dir='ltr'><strong><em>κριοί.</em></strong></span> <span class='ocrx_word' id='word_1_85' title='bbox 1599 1567 1710 1630; x_wconf 89' lang='grc' dir='ltr'><strong><em>καὶ</em></strong></span> <span class='ocrx_word' id='word_1_86' title='bbox 1767 1554 1847 1652; x_wconf 79' lang='grc' dir='ltr'><strong><em>ἢν</em></strong></span> <span class='ocrx_word' id='word_1_87' title='bbox 1907 1562 2055 1630; x_wconf 80' lang='grc' dir='ltr'><strong><em>ἰδοὺ</em></strong></span> <span class='ocrx_word' id='word_1_88' title='bbox 2111 1558 2444 1650; x_wconf 88' lang='grc' dir='ltr'><strong><em>ἀράμενος</em></strong></span> <span class='ocrx_word' id='word_1_89' title='bbox 2489 1563 2668 1631; x_wconf 80' lang='grc' dir='ltr'><strong><em>ἐκει-</em></strong></span> 
     </span>
     <span class='ocr_line' id='line_1_13' title="bbox 493 1663 2665 1754; baseline 0 -23"><span class='ocrx_word' id='word_1_90' title='bbox 493 1666 639 1732; x_wconf 85' lang='grc' dir='ltr'><strong><em>νοσὶ</em></strong></span> <span class='ocrx_word' id='word_1_91' title='bbox 700 1663 818 1731; x_wconf 85' lang='grc' dir='ltr'><strong><em>τὸν</em></strong></span> <span class='ocrx_word' id='word_1_92' title='bbox 878 1666 1101 1752; x_wconf 73' lang='grc' dir='ltr'><strong><em>ἕτερον</em></strong></span> <span class='ocrx_word' id='word_1_93' title='bbox 1161 1665 1230 1732; x_wconf 76' lang='grc' dir='ltr'><strong><em>ἐκ</em></strong></span> <span class='ocrx_word' id='word_1_94' title='bbox 1285 1678 1429 1732; x_wconf 88' lang='grc' dir='ltr'><strong><em>τοῖν</em></strong></span> <span class='ocrx_word' id='word_1_95' title='bbox 1489 1666 1748 1733; x_wconf 87' lang='grc' dir='ltr'><strong><em>σκελοῖν</em></strong></span> <span class='ocrx_word' id='word_1_96' title='bbox 1807 1663 2059 1753; x_wconf 83' lang='grc' dir='ltr'><strong><em>ἀφῆκεν</em></strong></span> <span class='ocrx_word' id='word_1_97' title='bbox 2119 1664 2185 1743; x_wconf 72' lang='grc' dir='ltr'><strong><em>ἐς</em></strong></span> <span class='ocrx_word' id='word_1_98' title='bbox 2242 1665 2318 1731; x_wconf 83' lang='grc' dir='ltr'><strong><em>τὸ</em></strong></span> <span class='ocrx_word' id='word_1_99' title='bbox 2382 1665 2665 1754; x_wconf 72' lang='grc' dir='ltr'><strong><em>ἔδαφος,</em></strong></span> 
     </span>
     <span class='ocr_line' id='line_1_14' title="bbox 491 1761 2663 1855; baseline 0 -22"><span class='ocrx_word' id='word_1_100' title='bbox 491 1761 617 1833; x_wconf 74' lang='grc' dir='ltr'><strong><em>εἶτ’</em></strong></span> <span class='ocrx_word' id='word_1_101' title='bbox 669 1764 1194 1834; x_wconf 85' lang='grc' dir='ltr'><strong><em>επικαταπεσων</em></strong></span> <span class='ocrx_word' id='word_1_102' title='bbox 1242 1761 1646 1835; x_wconf 73' lang='grc' dir='ltr'><strong><em>ἀνακύπτειν</em></strong></span> <span class='ocrx_word' id='word_1_103' title='bbox 1699 1761 1815 1834; x_wconf 77' lang='grc' dir='ltr'><strong><em>οὔκ</em></strong></span> <span class='ocrx_word' id='word_1_104' title='bbox 1860 1766 1939 1855; x_wconf 75' lang='grc' dir='ltr'><strong><em>ἐᾷ</em></strong></span> <span class='ocrx_word' id='word_1_105' title='bbox 1983 1769 2313 1834; x_wconf 75' lang='grc' dir='ltr'><strong><em>συνωθῶν</em></strong></span> <span class='ocrx_word' id='word_1_106' title='bbox 2358 1766 2541 1834; x_wconf 88' lang='grc' dir='ltr'><strong><em>κάτω</em></strong></span> <span class='ocrx_word' id='word_1_107' title='bbox 2594 1793 2663 1846; x_wconf 87' lang='grc' dir='ltr'><strong><em>ες</em></strong></span> 
     </span>
     <span class='ocr_line' id='line_1_15' title="bbox 489 1863 2661 1958; baseline 0.001 -25"><span class='ocrx_word' id='word_1_108' title='bbox 489 1868 608 1935; x_wconf 86' lang='grc' dir='ltr'><strong><em>τὸν</em></strong></span> <span class='ocrx_word' id='word_1_109' title='bbox 652 1868 890 1956; x_wconf 89' lang='grc' dir='ltr'><strong><em>πηλόν,</em></strong></span> <span class='ocrx_word' id='word_1_110' title='bbox 937 1869 1126 1946; x_wconf 80' lang='grc' dir='ltr'><strong><em>τέλος</em></strong></span> <span class='ocrx_word' id='word_1_111' title='bbox 1173 1870 1244 1936; x_wconf 80' lang='grc' dir='ltr'><strong><em>δὲ</em></strong></span> <span class='ocrx_word' id='word_1_112' title='bbox 1288 1865 1413 1957; x_wconf 92' lang='grc' dir='ltr'><strong><em>ηδη</em></strong></span> <span class='ocrx_word' id='word_1_113' title='bbox 1461 1869 1873 1955; x_wconf 81' lang='grc' dir='ltr'><strong><em>περιπλέξας</em></strong></span> <span class='ocrx_word' id='word_1_114' title='bbox 1919 1863 2102 1955; x_wconf 75' lang='grc' dir='ltr'><strong><em>αὐτῷ</em></strong></span> <span class='ocrx_word' id='word_1_115' title='bbox 2140 1869 2224 1934; x_wconf 83' lang='grc' dir='ltr'><strong><em>τὰ</em></strong></span> <span class='ocrx_word' id='word_1_116' title='bbox 2256 1870 2451 1958; x_wconf 86' lang='grc' dir='ltr'><strong><em>σκέλη</em></strong></span> <span class='ocrx_word' id='word_1_117' title='bbox 2483 1869 2661 1935; x_wconf 81' lang='grc' dir='ltr'><strong><em>κατὰ</em></strong></span> 
     </span>
     <span class='ocr_line' id='line_1_16' title="bbox 489 1966 2662 2058; baseline 0.002 -24"><span class='ocrx_word' id='word_1_118' title='bbox 489 1968 610 2057; x_wconf 85' lang='grc' dir='ltr'><strong><em>τὴν</em></strong></span> <span class='ocrx_word' id='word_1_119' title='bbox 670 1974 960 2055; x_wconf 80' lang='grc' dir='ltr'><strong><em>γαστέρα</em></strong></span> <span class='ocrx_word' id='word_1_120' title='bbox 1015 1969 1133 2036; x_wconf 84' lang='grc' dir='ltr'><strong><em>τὸν</em></strong></span> <span class='ocrx_word' id='word_1_121' title='bbox 1195 1975 1407 2056; x_wconf 79' lang='grc' dir='ltr'><strong><em>πῆχυν</em></strong></span> <span class='ocrx_word' id='word_1_122' title='bbox 1467 1967 1830 2055; x_wconf 88' lang='grc' dir='ltr'><strong><em>υποβαλων</em></strong></span> <span class='ocrx_word' id='word_1_123' title='bbox 1885 1975 1984 2057; x_wconf 75' lang='grc' dir='ltr'><strong><em>τῷ</em></strong></span> <span class='ocrx_word' id='word_1_124' title='bbox 2040 1972 2263 2057; x_wconf 76' lang='grc' dir='ltr'><strong><em>λαιμῷ</em></strong></span> <span class='ocrx_word' id='word_1_125' title='bbox 2310 1966 2495 2058; x_wconf 83' lang='grc' dir='ltr'><strong><em>α’γχει</em></strong></span> <span class='ocrx_word' id='word_1_126' title='bbox 2534 1973 2662 2039; x_wconf 85' lang='grc' dir='ltr'><strong><em>τὸν</em></strong></span> 
     </span>
     <span class='ocr_line' id='line_1_17' title="bbox 494 2067 2662 2159; baseline 0.002 -23"><span class='ocrx_word' id='word_1_127' title='bbox 494 2067 776 2153; x_wconf 87' lang='grc' dir='ltr'><strong><em>άθλιον,</em></strong></span> <span class='ocrx_word' id='word_1_128' title='bbox 837 2067 871 2138; x_wconf 95' lang='lat'><em>5</em></span> <span class='ocrx_word' id='word_1_129' title='bbox 936 2071 1008 2137; x_wconf 84' lang='grc' dir='ltr'><strong><em>δὲ</em></strong></span> <span class='ocrx_word' id='word_1_130' title='bbox 1067 2085 1480 2157; x_wconf 88' lang='grc' dir='ltr'><strong><em>παρακροτεῖ</em></strong></span> <span class='ocrx_word' id='word_1_131' title='bbox 1535 2097 1603 2150; x_wconf 89' lang='grc' dir='ltr'><strong><em>ες</em></strong></span> <span class='ocrx_word' id='word_1_132' title='bbox 1646 2072 1764 2140; x_wconf 83' lang='grc' dir='ltr'><strong><em>τὸν</em></strong></span> <span class='ocrx_word' id='word_1_133' title='bbox 1810 2070 2024 2157; x_wconf 74' lang='grc' dir='ltr'><strong><em>ὦμον,</em></strong></span> <span class='ocrx_word' id='word_1_134' title='bbox 2087 2071 2396 2140; x_wconf 87' lang='grc' dir='ltr'><strong><em>ικετεύων</em></strong></span> <span class='ocrx_word' id='word_1_135' title='bbox 2441 2070 2662 2159; x_wconf 84' lang='grc' dir='ltr'><strong><em>οἶμαι,</em></strong></span> 
     </span>
     <span class='ocr_line' id='line_1_18' title="bbox 492 2167 2667 2264; baseline 0.003 -27"><span class='ocrx_word' id='word_1_136' title='bbox 492 2168 584 2251; x_wconf 80' lang='grc' dir='ltr'><strong><em>ῶς</em></strong></span> <span class='ocrx_word' id='word_1_137' title='bbox 628 2171 718 2258; x_wconf 89' lang='grc' dir='ltr'><strong><em>μὴ</em></strong></span> <span class='ocrx_word' id='word_1_138' title='bbox 768 2174 993 2239; x_wconf 92' lang='grc' dir='ltr'><strong><em>τέλεον</em></strong></span> <span class='ocrx_word' id='word_1_139' title='bbox 1040 2167 1470 2263; x_wconf 88' lang='grc' dir='ltr'><strong><em>ἀποπνιγείη.</em></strong></span> <span class='ocrx_word' id='word_1_140' title='bbox 1544 2178 1653 2241; x_wconf 83' lang='grc' dir='ltr'><strong><em>καὶ</em></strong></span> <span class='ocrx_word' id='word_1_141' title='bbox 1689 2170 1843 2242; x_wconf 80' lang='grc' dir='ltr'><strong><em>ουδὲ</em></strong></span> <span class='ocrx_word' id='word_1_142' title='bbox 1872 2178 1992 2242; x_wconf 83' lang='grc' dir='ltr'><strong><em>τοῦ</em></strong></span> <span class='ocrx_word' id='word_1_143' title='bbox 2024 2174 2251 2242; x_wconf 90' lang='grc' dir='ltr'><strong><em>ελαίου</em></strong></span> <span class='ocrx_word' id='word_1_144' title='bbox 2284 2174 2473 2244; x_wconf 69' lang='grc' dir='ltr'><strong><em>ἕνεκα</em></strong></span> <span class='ocrx_word' id='word_1_145' title='bbox 2504 2184 2667 2264; x_wconf 89' lang='grc' dir='ltr'><strong><em>φεί-</em></strong></span> 
     </span>
    </p>

    <p class='ocr_par' dir='ltr' id='par_1_5' title="bbox 414 2271 2666 2569">
     <span class='ocr_line' id='line_1_19' title="bbox 414 2271 2666 2365; baseline 0.002 -23"><span class='ocrx_word' id='word_1_146' title='bbox 414 2313 416 2316; x_wconf 56' lang='lat'>&gt;</span> <span class='ocrx_word' id='word_1_147' title='bbox 492 2276 726 2343; x_wconf 89' lang='grc' dir='ltr'><strong><em>δονται</em></strong></span> <span class='ocrx_word' id='word_1_148' title='bbox 777 2274 866 2363; x_wconf 85' lang='grc' dir='ltr'><strong><em>μὴ</em></strong></span> <span class='ocrx_word' id='word_1_149' title='bbox 927 2275 1377 2360; x_wconf 73' lang='grc' dir='ltr'><strong><em>μολύνεσθαι,</em></strong></span> <span class='ocrx_word' id='word_1_150' title='bbox 1437 2271 1584 2343; x_wconf 71' lang='grc' dir='ltr'><strong><em>ἀλλ’</em></strong></span> <span class='ocrx_word' id='word_1_151' title='bbox 1633 2271 2202 2365; x_wconf 85' lang='grc' dir='ltr'><strong><em>ἀφανίσαντες,τὸ</em></strong></span> <span class='ocrx_word' id='word_1_152' title='bbox 2242 2285 2500 2364; x_wconf 89' lang='grc' dir='ltr'><strong><em>χρίσμα</em></strong></span> <span class='ocrx_word' id='word_1_153' title='bbox 2540 2283 2666 2347; x_wconf 87' lang='grc' dir='ltr'><strong><em>καὶ</em></strong></span> 
     </span>
     <span class='ocr_line' id='line_1_20' title="bbox 490 2371 2663 2469; baseline 0.002 -26"><span class='ocrx_word' id='word_1_154' title='bbox 490 2381 610 2444; x_wconf 84' lang='grc' dir='ltr'><strong><em>τοῦ</em></strong></span> <span class='ocrx_word' id='word_1_155' title='bbox 664 2377 997 2469; x_wconf 86' lang='grc' dir='ltr'><strong><em>βορβόρου</em></strong></span> <span class='ocrx_word' id='word_1_156' title='bbox 1062 2372 1614 2469; x_wconf 75' lang='grc' dir='ltr'><strong><em>ἀναπλησθέντες</em></strong></span> <span class='ocrx_word' id='word_1_157' title='bbox 1670 2380 1740 2447; x_wconf 77' lang='grc' dir='ltr'><strong><em>ἐν</em></strong></span> <span class='ocrx_word' id='word_1_158' title='bbox 1798 2379 2032 2465; x_wconf 81' lang='grc' dir='ltr'><strong><em>ἱδρῶτι</em></strong></span> <span class='ocrx_word' id='word_1_159' title='bbox 2077 2371 2220 2463; x_wconf 66' lang='grc' dir='ltr'><strong><em>ἅμα</em></strong></span> <span class='ocrx_word' id='word_1_160' title='bbox 2264 2382 2504 2468; x_wconf 74' lang='grc' dir='ltr'><strong><em>πολλῷ</em></strong></span> <span class='ocrx_word' id='word_1_161' title='bbox 2546 2386 2663 2467; x_wconf 88' lang='grc' dir='ltr'><strong><em>γέ-</em></strong></span> 
     </span>
     <span class='ocr_line' id='line_1_21' title="bbox 493 2476 2663 2569; baseline 0.002 -24"><span class='ocrx_word' id='word_1_162' title='bbox 493 2482 674 2546; x_wconf 90' lang='grc' dir='ltr'><strong><em>λωτα</em></strong></span> <span class='ocrx_word' id='word_1_163' title='bbox 741 2479 893 2564; x_wconf 75' lang='grc' dir='ltr'><strong><em>ἐμοὶ</em></strong></span> <span class='ocrx_word' id='word_1_164' title='bbox 949 2483 1106 2566; x_wconf 84' lang='grc' dir='ltr'><strong><em>γοῦν</em></strong></span> <span class='ocrx_word' id='word_1_165' title='bbox 1163 2487 1570 2569; x_wconf 89' lang='grc' dir='ltr'><strong><em>παρέχουσιν</em></strong></span> <span class='ocrx_word' id='word_1_166' title='bbox 1628 2476 1855 2568; x_wconf 76' lang='grc' dir='ltr'><strong><em>ὥσπερ</em></strong></span> <span class='ocrx_word' id='word_1_167' title='bbox 1916 2481 1988 2547; x_wconf 79' lang='grc' dir='ltr'><strong><em>αἱ</em></strong></span> <span class='ocrx_word' id='word_1_168' title='bbox 2056 2479 2338 2566; x_wconf 78' lang='grc' dir='ltr'><strong><em>ἐγχέλεις</em></strong></span> <span class='ocrx_word' id='word_1_169' title='bbox 2396 2481 2663 2551; x_wconf 76' lang='grc' dir='ltr'><strong><em>ἐκτῶν</em></strong></span> 
     </span>
    </p>

    <p class='ocr_par' dir='ltr' id='par_1_6' title="bbox 422 2581 2769 3286">
     <span class='ocr_line' id='line_1_22' title="bbox 422 2581 2664 2675; baseline 0.003 -31"><span class='ocrx_word' id='word_1_170' title='bbox 422 2591 456 2644; x_wconf 78' lang='lat'>2</span> <span class='ocrx_word' id='word_1_171' title='bbox 488 2583 729 2669; x_wconf 87' lang='grc' dir='ltr'><strong><em>χειρῶν</em></strong></span> <span class='ocrx_word' id='word_1_172' title='bbox 793 2581 1409 2661; x_wconf 56' lang='grc' dir='ltr'><strong><em>διολισθαίνοντες,</em></strong></span> <span class='ocrx_word' id='word_1_173' title='bbox 1480 2591 1539 2655; x_wconf 87' lang='grc'><strong><em>2.</em></strong></span> <span class='ocrx_word' id='word_1_174' title='bbox 1588 2584 1803 2671; x_wconf 73' lang='grc' dir='ltr'><strong><em>ἕτεροι</em></strong></span> <span class='ocrx_word' id='word_1_175' title='bbox 1849 2583 1920 2650; x_wconf 82' lang='grc' dir='ltr'><strong><em>δὲ</em></strong></span> <span class='ocrx_word' id='word_1_176' title='bbox 1965 2582 2034 2650; x_wconf 77' lang='grc' dir='ltr'><strong><em>ἓν</em></strong></span> <span class='ocrx_word' id='word_1_177' title='bbox 2076 2587 2175 2670; x_wconf 75' lang='grc' dir='ltr'><strong><em>τῷ</em></strong></span> <span class='ocrx_word' id='word_1_178' title='bbox 2233 2583 2493 2673; x_wconf 81' lang='grc' dir='ltr'><strong><em>αἰθρίῳ</em></strong></span> <span class='ocrx_word' id='word_1_179' title='bbox 2538 2589 2664 2675; x_wconf 86' lang='grc' dir='ltr'><strong><em>τῆς</em></strong></span> 
     </span>
     <span class='ocr_line' id='line_1_23' title="bbox 491 2677 2659 2774; baseline 0.002 -25"><span class='ocrx_word' id='word_1_180' title='bbox 491 2677 693 2770; x_wconf 73' lang='grc' dir='ltr'><strong><em>αὐλῆς</em></strong></span> <span class='ocrx_word' id='word_1_181' title='bbox 738 2683 823 2750; x_wconf 78' lang='grc' dir='ltr'><strong><em>τὸ.</em></strong></span> <span class='ocrx_word' id='word_1_182' title='bbox 865 2681 1023 2750; x_wconf 75' lang='grc' dir='ltr'><strong><em>αἰτὸ</em></strong></span> <span class='ocrx_word' id='word_1_183' title='bbox 1071 2697 1268 2753; x_wconf 87' lang='grc' dir='ltr'><strong><em>τοῦτο</em></strong></span> <span class='ocrx_word' id='word_1_184' title='bbox 1317 2688 1583 2773; x_wconf 91' lang='grc' dir='ltr'><strong><em>δρῶσιν,</em></strong></span> <span class='ocrx_word' id='word_1_185' title='bbox 1632 2682 1748 2754; x_wconf 76' lang='grc' dir='ltr'><strong><em>οὐκ</em></strong></span> <span class='ocrx_word' id='word_1_186' title='bbox 1793 2686 1861 2754; x_wconf 77' lang='grc' dir='ltr'><strong><em>ἐν</em></strong></span> <span class='ocrx_word' id='word_1_187' title='bbox 1892 2687 2089 2774; x_wconf 76' lang='grc' dir='ltr'><strong><em>πηλῷ</em></strong></span> <span class='ocrx_word' id='word_1_188' title='bbox 2120 2679 2311 2753; x_wconf 81' lang='grc' dir='ltr'><strong><em>οὗτοί</em></strong></span> <span class='ocrx_word' id='word_1_189' title='bbox 2338 2712 2433 2774; x_wconf 85' lang='grc' dir='ltr'><strong><em>γε,</em></strong></span> <span class='ocrx_word' id='word_1_190' title='bbox 2479 2681 2659 2754; x_wconf 79' lang='grc' dir='ltr'><strong><em>ἀλλὰ</em></strong></span> 
     </span>
     <span class='ocr_line' id='line_1_24' title="bbox 487 2782 2769 2877; baseline 0 -25"><span class='ocrx_word' id='word_1_191' title='bbox 487 2786 775 2873; x_wconf 83' lang='grc' dir='ltr'><strong><em>ψάμμον</em></strong></span> <span class='ocrx_word' id='word_1_192' title='bbox 830 2787 1074 2877; x_wconf 88' lang='grc' dir='ltr'><strong><em>ταύτην</em></strong></span> <span class='ocrx_word' id='word_1_193' title='bbox 1128 2794 1423 2874; x_wconf 85' lang='grc' dir='ltr'><strong><em>βαθεῖαν</em></strong></span> <span class='ocrx_word' id='word_1_194' title='bbox 1480 2784 2018 2874; x_wconf 80' lang='grc' dir='ltr'><strong><em>ὖποβαλλόμενοι</em></strong></span> <span class='ocrx_word' id='word_1_195' title='bbox 2068 2787 2136 2854; x_wconf 75' lang='grc' dir='ltr'><strong><em>ἓν</em></strong></span> <span class='ocrx_word' id='word_1_196' title='bbox 2178 2792 2277 2875; x_wconf 73' lang='grc' dir='ltr'><strong><em>τῷ</em></strong></span> <span class='ocrx_word' id='word_1_197' title='bbox 2322 2782 2769 2876; x_wconf 85' lang='grc' dir='ltr'><strong><em>όρύγματι885</em></strong></span> 
     </span>
     <span class='ocr_line' id='line_1_25' title="bbox 487 2882 2660 2978; baseline 0.002 -25"><span class='ocrx_word' id='word_1_198' title='bbox 487 2887 827 2955; x_wconf 89' lang='grc' dir='ltr'><strong><em>πάττουσί</em></strong></span> <span class='ocrx_word' id='word_1_199' title='bbox 880 2914 953 2956; x_wconf 91' lang='grc' dir='ltr'><strong><em>τε</em></strong></span> <span class='ocrx_word' id='word_1_200' title='bbox 1015 2884 1341 2978; x_wconf 73' lang='grc' dir='ltr'><strong><em>ἀλλήλους</em></strong></span> <span class='ocrx_word' id='word_1_201' title='bbox 1387 2893 1500 2956; x_wconf 89' lang='grc' dir='ltr'><strong><em>καὶ</em></strong></span> <span class='ocrx_word' id='word_1_202' title='bbox 1548 2882 1740 2958; x_wconf 80' lang='grc' dir='ltr'><strong><em>αύτοὶ</em></strong></span> <span class='ocrx_word' id='word_1_203' title='bbox 1785 2888 2043 2967; x_wconf 79' lang='grc' dir='ltr'><strong><em>ἑκόντες</em></strong></span> <span class='ocrx_word' id='word_1_204' title='bbox 2091 2889 2490 2975; x_wconf 75' lang='grc' dir='ltr'><strong><em>ἐπαμῶνται</em></strong></span> <span class='ocrx_word' id='word_1_205' title='bbox 2533 2890 2660 2978; x_wconf 84' lang='grc' dir='ltr'><strong><em>τὴν</em></strong></span> 
     </span>
     <span class='ocr_line' id='line_1_26' title="bbox 486 2984 2661 3080; baseline 0.002 -24"><span class='ocrx_word' id='word_1_206' title='bbox 486 2991 671 3058; x_wconf 88' lang='grc' dir='ltr'><strong><em>κόνιν</em></strong></span> <span class='ocrx_word' id='word_1_207' title='bbox 727 2984 1179 3080; x_wconf 70' lang='grc' dir='ltr'><strong><em>ἀλεκτρυόνων</em></strong></span> <span class='ocrx_word' id='word_1_208' title='bbox 1247 2992 1465 3080; x_wconf 87' lang='grc' dir='ltr'><strong><em>δίκην,</em></strong></span> <span class='ocrx_word' id='word_1_209' title='bbox 1534 2987 1625 3070; x_wconf 83' lang='grc' dir='ltr'><strong><em>ὥς</em></strong></span> <span class='ocrx_word' id='word_1_210' title='bbox 1682 2990 2126 3079; x_wconf 84' lang='grc' dir='ltr'><strong><em>ἀφυκτότεροι</em></strong></span> <span class='ocrx_word' id='word_1_211' title='bbox 2183 2989 2314 3059; x_wconf 83' lang='grc' dir='ltr'><strong><em>εἶεν</em></strong></span> <span class='ocrx_word' id='word_1_212' title='bbox 2375 2991 2447 3060; x_wconf 77' lang='grc' dir='ltr'><strong><em>ἐν</em></strong></span> <span class='ocrx_word' id='word_1_213' title='bbox 2502 3007 2661 3072; x_wconf 89' lang='grc' dir='ltr'><strong><em>ταῖς</em></strong></span> 
     </span>
     <span class='ocr_line' id='line_1_27' title="bbox 490 3089 2659 3183; baseline 0.002 -25"><span class='ocrx_word' id='word_1_214' title='bbox 490 3094 940 3176; x_wconf 88' lang='grc' dir='ltr'><strong><em>συμπλοκαῖς,</em></strong></span> <span class='ocrx_word' id='word_1_215' title='bbox 1001 3090 1223 3178; x_wconf 88' lang='grc' dir='ltr'><strong><em>οἶμαι,</em></strong></span> <span class='ocrx_word' id='word_1_216' title='bbox 1277 3097 1396 3179; x_wconf 84' lang='grc' dir='ltr'><strong><em>τῆς</em></strong></span> <span class='ocrx_word' id='word_1_217' title='bbox 1452 3092 1739 3179; x_wconf 83' lang='grc' dir='ltr'><strong><em>ψάμμου</em></strong></span> <span class='ocrx_word' id='word_1_218' title='bbox 1799 3091 1915 3160; x_wconf 81' lang='grc' dir='ltr'><strong><em>τὸν</em></strong></span> <span class='ocrx_word' id='word_1_219' title='bbox 1972 3089 2260 3162; x_wconf 73' lang='grc' dir='ltr'><strong><em>ὄλισθον</em></strong></span> <span class='ocrx_word' id='word_1_220' title='bbox 2315 3089 2659 3183; x_wconf 87' lang='grc' dir='ltr'><strong><em>ἀφαιρού-</em></strong></span> 
     </span>
     <span class='ocr_line' id='line_1_28' title="bbox 490 3194 2656 3286; baseline 0.003 -26"><span class='ocrx_word' id='word_1_221' title='bbox 490 3217 611 3282; x_wconf 90' lang='grc' dir='ltr'><strong><em>σης</em></strong></span> <span class='ocrx_word' id='word_1_222' title='bbox 654 3198 766 3263; x_wconf 89' lang='grc' dir='ltr'><strong><em>καὶ</em></strong></span> <span class='ocrx_word' id='word_1_223' title='bbox 807 3201 1245 3282; x_wconf 87' lang='grc' dir='ltr'><strong><em>βεβαιοτέραν</em></strong></span> <span class='ocrx_word' id='word_1_224' title='bbox 1290 3194 1358 3261; x_wconf 75' lang='grc' dir='ltr'><strong><em>ἐν</em></strong></span> <span class='ocrx_word' id='word_1_225' title='bbox 1406 3194 1581 3283; x_wconf 67' lang='grc' dir='ltr'><strong><em>ξηρῷ</em></strong></span> <span class='ocrx_word' id='word_1_226' title='bbox 1628 3197 2045 3285; x_wconf 87' lang='grc' dir='ltr'><strong><em>παρεχούσης</em></strong></span> <span class='ocrx_word' id='word_1_227' title='bbox 2100 3196 2220 3284; x_wconf 87' lang='grc' dir='ltr'><strong><em>τὴν</em></strong></span> <span class='ocrx_word' id='word_1_228' title='bbox 2265 3194 2656 3286; x_wconf 88' lang='grc' dir='ltr'><strong><em>ἀντίληψιν.</em></strong></span> 
     </span>
    </p>

    <p class='ocr_par' dir='ltr' id='par_1_7' title="bbox 418 3291 2659 3999">
     <span class='ocr_line' id='line_1_29' title="bbox 418 3291 2659 3383; baseline 0.002 -21"><span class='ocrx_word' id='word_1_229' title='bbox 418 3307 457 3362; x_wconf 75' lang='lat'><strong>3</strong></span> <span class='ocrx_word' id='word_1_230' title='bbox 494 3300 555 3362; x_wconf 88' lang='grc'><strong><em>3.</em></strong></span> <span class='ocrx_word' id='word_1_231' title='bbox 605 3297 670 3364; x_wconf 82' lang='grc' dir='ltr'><strong><em>οἱ</em></strong></span> <span class='ocrx_word' id='word_1_232' title='bbox 717 3297 789 3367; x_wconf 79' lang='grc' dir='ltr'><strong><em>δὲ</em></strong></span> <span class='ocrx_word' id='word_1_233' title='bbox 832 3291 1261 3383; x_wconf 76' lang='grc' dir='ltr'><strong><em>ὀρθοστάδην</em></strong></span> <span class='ocrx_word' id='word_1_234' title='bbox 1306 3304 1714 3382; x_wconf 86' lang='grc' dir='ltr'><strong><em>κεκονιμένοι</em></strong></span> <span class='ocrx_word' id='word_1_235' title='bbox 1756 3300 1869 3365; x_wconf 87' lang='grc' dir='ltr'><strong><em>καὶ</em></strong></span> <span class='ocrx_word' id='word_1_236' title='bbox 1916 3292 2107 3367; x_wconf 75' lang='grc' dir='ltr'><strong><em>αὐτοὶ</em></strong></span> <span class='ocrx_word' id='word_1_237' title='bbox 2162 3306 2488 3368; x_wconf 92' lang='grc' dir='ltr'><strong><em>παίουσιν</em></strong></span> <span class='ocrx_word' id='word_1_238' title='bbox 2538 3295 2659 3367; x_wconf 87' lang='grc' dir='ltr'><strong><em>ἀλ-</em></strong></span> 
     </span>
     <span class='ocr_line' id='line_1_30' title="bbox 490 3397 2656 3487; baseline 0.004 -24"><span class='ocrx_word' id='word_1_239' title='bbox 490 3398 730 3486; x_wconf 86' lang='grc' dir='ltr'><strong><em>λήλους</em></strong></span> <span class='ocrx_word' id='word_1_240' title='bbox 790 3399 1298 3486; x_wconf 90' lang='grc' dir='ltr'><strong><em>προσπεσόντες</em></strong></span> <span class='ocrx_word' id='word_1_241' title='bbox 1353 3400 1467 3465; x_wconf 90' lang='grc' dir='ltr'><strong><em>καὶ</em></strong></span> <span class='ocrx_word' id='word_1_242' title='bbox 1526 3398 1973 3479; x_wconf 87' lang='grc' dir='ltr'><strong><em>λακτίζουσιν·</em></strong></span> <span class='ocrx_word' id='word_1_243' title='bbox 2036 3397 2264 3469; x_wconf 75' lang='grc' dir='ltr'><strong><em>οὑτοσὶ</em></strong></span> <span class='ocrx_word' id='word_1_244' title='bbox 2321 3407 2483 3487; x_wconf 85' lang='grc' dir='ltr'><strong><em>γοῦν</em></strong></span> <span class='ocrx_word' id='word_1_245' title='bbox 2538 3407 2656 3478; x_wconf 80' lang='grc' dir='ltr'><strong><em>καὶ</em></strong></span> 
     </span>
     <span class='ocr_line' id='line_1_31' title="bbox 486 3496 2657 3588; baseline 0 -20"><span class='ocrx_word' id='word_1_246' title='bbox 486 3500 643 3578; x_wconf 79' lang='grc' dir='ltr'><strong><em>τοὺς</em></strong></span> <span class='ocrx_word' id='word_1_247' title='bbox 709 3496 993 3578; x_wconf 84' lang='grc' dir='ltr'><strong><em>ὀδόντας</em></strong></span> <span class='ocrx_word' id='word_1_248' title='bbox 1057 3499 1269 3567; x_wconf 68' lang='grc' dir='ltr'><strong><em>ἔοικεν</em></strong></span> <span class='ocrx_word' id='word_1_249' title='bbox 1327 3496 1756 3569; x_wconf 87' lang='grc' dir='ltr'><strong><em>ἀποπτύσειν</em></strong></span> <span class='ocrx_word' id='word_1_250' title='bbox 1813 3499 1847 3568; x_wconf 89' lang='lat'><em>5</em></span> <span class='ocrx_word' id='word_1_251' title='bbox 1909 3505 2365 3588; x_wconf 85' lang='grc' dir='ltr'><strong><em>κακοδαίμων,</em></strong></span> <span class='ocrx_word' id='word_1_252' title='bbox 2437 3504 2657 3583; x_wconf 75' lang='grc' dir='ltr'><strong><em>οὕτως</em></strong></span> 
     </span>
     <span class='ocr_line' id='line_1_32' title="bbox 489 3594 2652 3692; baseline 0.003 -24"><span class='ocrx_word' id='word_1_253' title='bbox 489 3604 773 3687; x_wconf 82' lang='grc' dir='ltr'><strong><em>αἵματος</em></strong></span> <span class='ocrx_word' id='word_1_254' title='bbox 819 3594 1000 3687; x_wconf 73' lang='grc' dir='ltr'><strong><em>αὐτῷ</em></strong></span> <span class='ocrx_word' id='word_1_255' title='bbox 1042 3604 1154 3669; x_wconf 86' lang='grc' dir='ltr'><strong><em>καὶ</em></strong></span> <span class='ocrx_word' id='word_1_256' title='bbox 1203 3602 1489 3688; x_wconf 89' lang='grc' dir='ltr'><strong><em>ψάμμου</em></strong></span> <span class='ocrx_word' id='word_1_257' title='bbox 1537 3599 2061 3692; x_wconf 86' lang='grc' dir='ltr'><strong><em>ἀναπέπλησται</em></strong></span> <span class='ocrx_word' id='word_1_258' title='bbox 2096 3606 2171 3672; x_wconf 86' lang='grc' dir='ltr'><strong><em>τὸ</em></strong></span> <span class='ocrx_word' id='word_1_259' title='bbox 2209 3606 2448 3689; x_wconf 87' lang='grc' dir='ltr'><strong><em>στόμα,</em></strong></span> <span class='ocrx_word' id='word_1_260' title='bbox 2496 3606 2652 3688; x_wconf 67' lang='grc' dir='ltr'><strong><em>πύξ,</em></strong></span> 
     </span>
     <span class='ocr_line' id='line_1_33' title="bbox 486 3700 2653 3794; baseline 0.002 -23"><span class='ocrx_word' id='word_1_261' title='bbox 486 3702 578 3784; x_wconf 82' lang='grc' dir='ltr'><strong><em>ὦς</em></strong></span> <span class='ocrx_word' id='word_1_262' title='bbox 624 3700 819 3792; x_wconf 78' lang='grc' dir='ltr'><strong><em>ὁρᾷς,</em></strong></span> <span class='ocrx_word' id='word_1_263' title='bbox 878 3709 1348 3787; x_wconf 86' lang='grc' dir='ltr'><strong><em>παταχθέντος</em></strong></span> <span class='ocrx_word' id='word_1_264' title='bbox 1407 3703 1526 3792; x_wconf 87' lang='grc' dir='ltr'><strong><em>τὴν</em></strong></span> <span class='ocrx_word' id='word_1_265' title='bbox 1568 3705 1846 3792; x_wconf 86' lang='grc' dir='ltr'><strong><em>γνάθον.</em></strong></span> <span class='ocrx_word' id='word_1_266' title='bbox 1939 3702 2089 3774; x_wconf 74' lang='grc' dir='ltr'><strong><em>ἀλλ’</em></strong></span> <span class='ocrx_word' id='word_1_267' title='bbox 2144 3702 2298 3775; x_wconf 76' lang='grc' dir='ltr'><strong><em>οὐδὲ</em></strong></span> <span class='ocrx_word' id='word_1_268' title='bbox 2343 3705 2378 3774; x_wconf 87' lang='lat'><em>5</em></span> <span class='ocrx_word' id='word_1_269' title='bbox 2431 3705 2653 3794; x_wconf 73' lang='grc' dir='ltr'><strong><em>ἅρχων</em></strong></span> 
     </span>
     <span class='ocr_line' id='line_1_34' title="bbox 487 3801 2652 3901; baseline 0.001 -26"><span class='ocrx_word' id='word_1_270' title='bbox 487 3803 717 3875; x_wconf 77' lang='grc' dir='ltr'><strong><em>οὑτοσὶ</em></strong></span> <span class='ocrx_word' id='word_1_271' title='bbox 780 3806 1112 3893; x_wconf 90' lang='grc' dir='ltr'><strong><em>διίστησιν</em></strong></span> <span class='ocrx_word' id='word_1_272' title='bbox 1173 3801 1414 3886; x_wconf 77' lang='grc' dir='ltr'><strong><em>αὐτοὺς</em></strong></span> <span class='ocrx_word' id='word_1_273' title='bbox 1470 3811 1582 3875; x_wconf 88' lang='grc' dir='ltr'><strong><em>καὶ</em></strong></span> <span class='ocrx_word' id='word_1_274' title='bbox 1642 3807 1783 3877; x_wconf 90' lang='grc' dir='ltr'><strong><em>λύει</em></strong></span> <span class='ocrx_word' id='word_1_275' title='bbox 1825 3808 1944 3897; x_wconf 84' lang='grc' dir='ltr'><strong><em>τὴν</em></strong></span> <span class='ocrx_word' id='word_1_276' title='bbox 1988 3810 2202 3901; x_wconf 90' lang='grc' dir='ltr'><strong><em>μάχην</em></strong></span> <span class='ocrx_word' id='word_1_277' title='bbox 2245 3849 2333 3861; x_wconf 91' lang='grc'><strong><em>--</em></strong></span> <span class='ocrx_word' id='word_1_278' title='bbox 2375 3815 2652 3895; x_wconf 53' lang='grc' dir='ltr'><strong><em>τεκμαίψ</em></strong></span> 
     </span>
     <span class='ocr_line' id='line_1_35' title="bbox 486 3903 2650 3999; baseline 0.002 -23"><span class='ocrx_word' id='word_1_279' title='bbox 486 3935 690 3997; x_wconf 89' lang='grc' dir='ltr'><strong><em>ρομαι</em></strong></span> <span class='ocrx_word' id='word_1_280' title='bbox 746 3907 895 3995; x_wconf 34' lang='grc' dir='ltr'><strong><em>γὰρ,</em></strong></span> <span class='ocrx_word' id='word_1_281' title='bbox 929 3912 1012 3997; x_wconf 83' lang='grc' dir='ltr'><strong><em>τῇ</em></strong></span> <span class='ocrx_word' id='word_1_282' title='bbox 1072 3910 1449 3999; x_wconf 85' lang='grc' dir='ltr'><strong><em>πορφυρίδι</em></strong></span> <span class='ocrx_word' id='word_1_283' title='bbox 1502 3914 1635 3976; x_wconf 88' lang='grc' dir='ltr'><strong><em>τῶν</em></strong></span> <span class='ocrx_word' id='word_1_284' title='bbox 1689 3903 2026 3996; x_wconf 86' lang='grc' dir='ltr'><strong><em>ἀρχόντων</em></strong></span> <span class='ocrx_word' id='word_1_285' title='bbox 2069 3911 2221 3980; x_wconf 81' lang='grc' dir='ltr'><strong><em>τινὰ</em></strong></span> <span class='ocrx_word' id='word_1_286' title='bbox 2266 3916 2507 3979; x_wconf 85' lang='grc' dir='ltr'><strong><em>τοῦτον</em></strong></span> <span class='ocrx_word' id='word_1_287' title='bbox 2554 3910 2650 3981; x_wconf 80' lang='grc' dir='ltr'><strong><em>εἶ·-</em></strong></span> 
     </span>
    </p>

    <p class='ocr_par' dir='ltr' id='par_1_8' title="bbox 417 4007 2649 4097">
     <span class='ocr_line' id='line_1_36' title="bbox 417 4007 2649 4097; baseline 0.001 -17"><span class='ocrx_word' id='word_1_288' title='bbox 417 4032 454 4085; x_wconf 69' lang='lat'>4</span> <span class='ocrx_word' id='word_1_289' title='bbox 490 4039 599 4080; x_wconf 91' lang='grc' dir='ltr'><strong><em>ναι</em></strong></span> <span class='ocrx_word' id='word_1_290' title='bbox 647 4049 727 4059; x_wconf 93' lang='grc'>-</span> <span class='ocrx_word' id='word_1_291' title='bbox 773 4018 831 4077; x_wconf 91' lang='grc'><strong><em>4.</em></strong></span> <span class='ocrx_word' id='word_1_292' title='bbox 878 4007 913 4078; x_wconf 90' lang='lat'><em>5</em></span> <span class='ocrx_word' id='word_1_293' title='bbox 964 4012 1036 4078; x_wconf 81' lang='grc' dir='ltr'><strong><em>δὲ</em></strong></span> <span class='ocrx_word' id='word_1_294' title='bbox 1077 4015 1189 4079; x_wconf 88' lang='grc' dir='ltr'><strong><em>καὶ</em></strong></span> <span class='ocrx_word' id='word_1_295' title='bbox 1236 4010 1587 4097; x_wconf 76' lang='grc' dir='ltr'><strong><em>ἐποτρύνει</em></strong></span> <span class='ocrx_word' id='word_1_296' title='bbox 1629 4013 1740 4078; x_wconf 86' lang='grc' dir='ltr'><strong><em>καὶ</em></strong></span> <span class='ocrx_word' id='word_1_297' title='bbox 1781 4011 1898 4078; x_wconf 84' lang='grc' dir='ltr'><strong><em>τὸν</em></strong></span> <span class='ocrx_word' id='word_1_298' title='bbox 1930 4012 2326 4092; x_wconf 86' lang='grc' dir='ltr'><strong><em>πατάξαντα</em></strong></span> <span class='ocrx_word' id='word_1_299' title='bbox 2359 4013 2649 4083; x_wconf 79' lang='grc' dir='ltr'><strong><em>ἐπαινεῖ.</em></strong></span> 
     </span>
    </p>
   </div>
   <div class='ocr_carea' id='block_1_5' title="bbox 2835 91 2848 1168">
    <p class='ocr_par' dir='ltr' id='par_1_9' title="bbox 2835 91 2848 1168">
     <span class='ocr_line' id='line_1_37' title="bbox 2835 91 2848 1168; baseline 0 0"><span class='ocrx_word' id='word_1_300' title='bbox 2835 91 2848 1168; x_wconf 95' lang='lat' dir='ltr'><strong><em> </em></strong></span> 
     </span>
    </p>
   </div>
   <div class='ocr_carea' id='block_1_6' title="bbox 2835 1387 2848 2411">
    <p class='ocr_par' dir='ltr' id='par_1_10' title="bbox 2835 1387 2848 2411">
     <span class='ocr_line' id='line_1_38' title="bbox 2835 1387 2848 2411; baseline 0 0"><span class='ocrx_word' id='word_1_301' title='bbox 2835 1387 2848 2411; x_wconf 95' lang='lat' dir='ltr'><strong><em> </em></strong></span> 
     </span>
    </p>
   </div>
   <div class='ocr_carea' id='block_1_7' title="bbox 2833 2686 2850 4143">
    <p class='ocr_par' dir='ltr' id='par_1_11' title="bbox 2833 2686 2850 4143">
     <span class='ocr_line' id='line_1_39' title="bbox 2833 2686 2850 4143; baseline 0 0"><span class='ocrx_word' id='word_1_302' title='bbox 2833 2686 2850 4143; x_wconf 95' lang='lat' dir='ltr'><strong><em> </em></strong></span> 
     </span>
    </p>
   </div>
  </div>
 </body>
</html>
