<?xml version="1.0" encoding="UTF-8"?>
<!DOCTYPE html PUBLIC "-//W3C//DTD XHTML 1.0 Transitional//EN"
    "http://www.w3.org/TR/xhtml1/DTD/xhtml1-transitional.dtd">
<html xmlns="http://www.w3.org/1999/xhtml" xml:lang="en" lang="en">
 <head>
  <title>
</title>
<meta http-equiv="Content-Type" content="text/html;charset=utf-8" />
  <meta name='ocr-system' content='tesseract 3.04.00' />
  <meta name='ocr-capabilities' content='ocr_page ocr_carea ocr_par ocr_line ocrx_word'/>
</head>
<body>
  <div class='ocr_page' id='page_1' title='image "./lucianus02sommgoog/lucianus02sommgoog_0041.png"; bbox 0 0 2867 4525; ppageno 0'>
   <div class='ocr_carea' id='block_1_1' title="bbox 1062 247 2429 315">
    <p class='ocr_par' dir='ltr' id='par_1_1' title="bbox 1062 247 2429 315">
     <span class='ocr_line' id='line_1_1' title="bbox 1062 247 2429 315; baseline 0.007 -9"><span class='ocrx_word' id='word_1_1' title='bbox 1062 254 1210 308; x_wconf 84' lang='grc' dir='ltr'>ΠΕΡΙ</span> <span class='ocrx_word' id='word_1_2' title='bbox 1246 247 1625 309; x_wconf 78' lang='grc' dir='ltr'><strong><em>ΠΑΡΑΣΙΤΟΥ.</em></strong></span> <span class='ocrx_word' id='word_1_3' title='bbox 2349 258 2429 315; x_wconf 82' lang='grc'><strong><em>23</em></strong></span> 
     </span>
    </p>
   </div>
   <div class='ocr_carea' id='block_1_2' title="bbox 159 414 2495 4089">
    <p class='ocr_par' dir='ltr' id='par_1_2' title="bbox 255 414 2432 618">
     <span class='ocr_line' id='line_1_2' title="bbox 255 414 2432 514; baseline 0 -21"><span class='ocrx_word' id='word_1_4' title='bbox 255 429 558 510; x_wconf 82' lang='grc' dir='ltr'><strong><em>μοτικῶν</em></strong></span> <span class='ocrx_word' id='word_1_5' title='bbox 585 449 755 507; x_wconf 88' lang='grc' dir='ltr'><strong><em>τινα,</em></strong></span> <span class='ocrx_word' id='word_1_6' title='bbox 779 423 1154 514; x_wconf 81' lang='grc' dir='ltr'><strong><em>τεκτονικὴν</em></strong></span> <span class='ocrx_word' id='word_1_7' title='bbox 1178 414 1219 512; x_wconf 76' lang='grc' dir='ltr'><em>ἢ</em></span> <span class='ocrx_word' id='word_1_8' title='bbox 1243 427 1754 511; x_wconf 83' lang='grc' dir='ltr'><strong><em>σκυτοτομικήν,·</em></strong></span> <span class='ocrx_word' id='word_1_9' title='bbox 1776 424 2027 512; x_wconf 84' lang='grc' dir='ltr'><em>καὶγὰρ</em></span> <span class='ocrx_word' id='word_1_10' title='bbox 2052 419 2206 493; x_wconf 71' lang='grc' dir='ltr'><strong><em>οὐδὲ</em></strong></span> <span class='ocrx_word' id='word_1_11' title='bbox 2220 422 2432 493; x_wconf 67' lang='grc' dir='ltr'><em>τᾶλλα</em></span> 
     </span>
     <span class='ocr_line' id='line_1_3' title="bbox 259 521 2430 651; baseline 0 -56"><span class='ocrx_word' id='word_1_12' title='bbox 259 521 483 606; x_wconf 89' lang='grc' dir='ltr'><strong><em>ούτως</em></strong></span> <span class='ocrx_word' id='word_1_13' title='bbox 527 527 659 610; x_wconf 78' lang='grc' dir='ltr'><strong><em>ἕχει</em></strong></span> <span class='ocrx_word' id='word_1_14' title='bbox 704 551 847 609; x_wconf 89' lang='grc' dir='ltr'><strong><em>σοι,</em></strong></span> <span class='ocrx_word' id='word_1_15' title='bbox 895 552 988 606; x_wconf 88' lang='grc' dir='ltr'><strong><em>ως</em></strong></span> <span class='ocrx_word' id='word_1_16' title='bbox 1031 525 1120 615; x_wconf 87' lang='grc' dir='ltr'><strong><em>μὴ</em></strong></span> <span class='ocrx_word' id='word_1_17' title='bbox 1167 529 1277 594; x_wconf 85' lang='grc' dir='ltr'><strong><em>καὶ</em></strong></span> <span class='ocrx_word' id='word_1_18' title='bbox 1320 527 1638 646; x_wconf 83' lang='grc' dir='ltr'><strong><em>τοιαύτης</em></strong></span> <span class='ocrx_word' id='word_1_19' title='bbox 1683 554 1763 594; x_wconf 89' lang='grc' dir='ltr'><strong><em>αν</em></strong></span> <span class='ocrx_word' id='word_1_20' title='bbox 1810 528 2141 651; x_wconf 77' lang='grc' dir='ltr'><strong><em>δεηθῆναι</em></strong></span> <span class='ocrx_word' id='word_1_21' title='bbox 2184 533 2430 650; x_wconf 85' lang='grc' dir='ltr'><strong><em>τέχνης.</em></strong></span> 
     </span>
    </p>

    <p class='ocr_par' dir='ltr' id='par_1_3' title="bbox 261 625 2431 816">
     <span class='ocr_line' id='line_1_4' title="bbox 439 625 2431 719; baseline 0.001 -23"><span class='ocrx_word' id='word_1_22' title='bbox 439 634 659 696; x_wconf 91' lang='grc' dir='ltr'><strong><em>ΠΛΡ.</em></strong></span> <span class='ocrx_word' id='word_1_23' title='bbox 716 625 981 717; x_wconf 83' lang='grc' dir='ltr'><strong><em>Ὀρθῶς</em></strong></span> <span class='ocrx_word' id='word_1_24' title='bbox 1041 630 1280 715; x_wconf 84' lang='grc' dir='ltr'><em>λέγεις,</em></span> <span class='ocrx_word' id='word_1_25' title='bbox 1354 655 1406 694; x_wconf 91' lang='grc' dir='ltr'>ω</span> <span class='ocrx_word' id='word_1_26' title='bbox 1471 626 1931 719; x_wconf 84' lang='grc' dir='ltr'><strong><em>Τυχιάδη·οὖ</em></strong></span> <span class='ocrx_word' id='word_1_27' title='bbox 1990 629 2116 717; x_wconf 84' lang='grc' dir='ltr'><strong><em>γὰρ</em></strong></span> <span class='ocrx_word' id='word_1_28' title='bbox 2174 630 2431 697; x_wconf 86' lang='grc' dir='ltr'><strong><em>τούτων</em></strong></span> 
     </span>
     <span class='ocr_line' id='line_1_5' title="bbox 261 726 1228 816; baseline -0.002 -17"><span class='ocrx_word' id='word_1_29' title='bbox 261 727 589 816; x_wconf 78' lang='grc' dir='ltr'><strong><em>οὗδεμιᾶς</em></strong></span> <span class='ocrx_word' id='word_1_30' title='bbox 635 726 1023 816; x_wconf 74' lang='grc' dir='ltr'><strong><em>ἐπιστήμων</em></strong></span> <span class='ocrx_word' id='word_1_31' title='bbox 1071 729 1228 814; x_wconf 86' lang='grc' dir='ltr'><em>ειμί.</em></span> 
     </span>
    </p>

    <p class='ocr_par' dir='ltr' id='par_1_4' title="bbox 446 832 1377 917">
     <span class='ocr_line' id='line_1_6' title="bbox 446 832 1377 917; baseline -0.003 -16"><span class='ocrx_word' id='word_1_32' title='bbox 446 842 654 901; x_wconf 83' lang='grc' dir='ltr'><strong><em>ΤΥΧ.</em></strong></span> <span class='ocrx_word' id='word_1_33' title='bbox 708 839 906 911; x_wconf 86' lang='grc' dir='ltr'><em>Τίνος</em></span> <span class='ocrx_word' id='word_1_34' title='bbox 951 859 1066 900; x_wconf 92' lang='grc' dir='ltr'><strong><em>ουν</em></strong></span> <span class='ocrx_word' id='word_1_35' title='bbox 1112 832 1377 917; x_wconf 78' lang='grc' dir='ltr'><strong><em>ἓτέρας,·</em></strong></span> 
     </span>
    </p>

    <p class='ocr_par' dir='ltr' id='par_1_5' title="bbox 262 931 2432 1230">
     <span class='ocr_line' id='line_1_7' title="bbox 438 931 2427 1026; baseline 0.001 -23"><span class='ocrx_word' id='word_1_36' title='bbox 438 940 661 1003; x_wconf 91' lang='grc' dir='ltr'><strong><em>ΠΛΡ.</em></strong></span> <span class='ocrx_word' id='word_1_37' title='bbox 717 941 951 1018; x_wconf 89' lang='grc' dir='ltr'><strong><em>Τίνος,·</em></strong></span> <span class='ocrx_word' id='word_1_38' title='bbox 996 931 1089 1014; x_wconf 81' lang='grc' dir='ltr'><strong><em>ὦς</em></strong></span> <span class='ocrx_word' id='word_1_39' title='bbox 1134 933 1258 1022; x_wconf 77' lang='grc' dir='ltr'><em>ἐγώ</em></span> <span class='ocrx_word' id='word_1_40' title='bbox 1305 931 1518 1019; x_wconf 84' lang='grc' dir='ltr'><strong><em>οἶμαι,</em></strong></span> <span class='ocrx_word' id='word_1_41' title='bbox 1563 943 1902 1021; x_wconf 80' lang='grc' dir='ltr'><em>γενναίας·</em></span> <span class='ocrx_word' id='word_1_42' title='bbox 1949 935 2028 1026; x_wconf 82' lang='grc' dir='ltr'><em>ἢν</em></span> <span class='ocrx_word' id='word_1_43' title='bbox 2060 936 2121 1003; x_wconf 81' lang='grc' dir='ltr'><strong><em>εἰ</em></strong></span> <span class='ocrx_word' id='word_1_44' title='bbox 2149 938 2427 1022; x_wconf 84' lang='grc' dir='ltr'><strong><em>μάθοις,</em></strong></span> 
     </span>
     <span class='ocr_line' id='line_1_8' title="bbox 262 1037 2432 1128; baseline 0 -21"><span class='ocrx_word' id='word_1_45' title='bbox 262 1041 379 1107; x_wconf 87' lang='grc' dir='ltr'><strong><em>καὶ</em></strong></span> <span class='ocrx_word' id='word_1_46' title='bbox 427 1040 503 1106; x_wconf 82' lang='grc' dir='ltr'><strong><em>σὲ</em></strong></span> <span class='ocrx_word' id='word_1_47' title='bbox 550 1038 929 1105; x_wconf 76' lang='grc' dir='ltr'><em>ἐπαινέσειν</em></span> <span class='ocrx_word' id='word_1_48' title='bbox 974 1037 1228 1122; x_wconf 88' lang='grc' dir='ltr'><strong><em>οιόμαι.</em></strong></span> <span class='ocrx_word' id='word_1_49' title='bbox 1306 1037 1475 1124; x_wconf 84' lang='grc' dir='ltr'><em>ε’ργῳ</em></span> <span class='ocrx_word' id='word_1_50' title='bbox 1518 1037 1641 1120; x_wconf 83' lang='grc' dir='ltr'><strong><em>μὲν</em></strong></span> <span class='ocrx_word' id='word_1_51' title='bbox 1686 1063 1801 1104; x_wconf 89' lang='grc' dir='ltr'><strong><em>ουν</em></strong></span> <span class='ocrx_word' id='word_1_52' title='bbox 1845 1043 2223 1124; x_wconf 72' lang='grc' dir='ltr'><strong><em>κατορθοῦν</em></strong></span> <span class='ocrx_word' id='word_1_53' title='bbox 2257 1065 2432 1128; x_wconf 85' lang='grc' dir='ltr'><strong><em>φημι</em></strong></span> 
     </span>
     <span class='ocr_line' id='line_1_9' title="bbox 262 1133 1861 1230; baseline -0.001 -22"><span class='ocrx_word' id='word_1_54' title='bbox 262 1138 413 1230; x_wconf 75' lang='grc' dir='ltr'><strong><em>ἤδη,</em></strong></span> <span class='ocrx_word' id='word_1_55' title='bbox 464 1141 524 1207; x_wconf 84' lang='grc' dir='ltr'><strong><em>εἰ</em></strong></span> <span class='ocrx_word' id='word_1_56' title='bbox 571 1140 643 1207; x_wconf 80' lang='grc' dir='ltr'><strong><em>δὲ</em></strong></span> <span class='ocrx_word' id='word_1_57' title='bbox 684 1145 799 1206; x_wconf 90' lang='grc' dir='ltr'><strong><em>καί</em></strong></span> <span class='ocrx_word' id='word_1_58' title='bbox 840 1138 999 1227; x_wconf 91' lang='grc' dir='ltr'><strong><em>[σοι]</em></strong></span> <span class='ocrx_word' id='word_1_59' title='bbox 1049 1139 1242 1226; x_wconf 82' lang='grc' dir='ltr'><em>λόγῳ,</em></span> <span class='ocrx_word' id='word_1_60' title='bbox 1291 1133 1406 1205; x_wconf 79' lang='grc' dir='ltr'><strong><em>οὐκ</em></strong></span> <span class='ocrx_word' id='word_1_61' title='bbox 1452 1138 1577 1222; x_wconf 86' lang='grc' dir='ltr'><strong><em>ε’χω</em></strong></span> <span class='ocrx_word' id='word_1_62' title='bbox 1625 1139 1861 1207; x_wconf 80' lang='grc' dir='ltr'><em>εἰπεῖν.</em></span> 
     </span>
    </p>

    <p class='ocr_par' dir='ltr' id='par_1_6' title="bbox 449 1241 1201 1330">
     <span class='ocr_line' id='line_1_10' title="bbox 449 1241 1201 1330; baseline -0.007 -19"><span class='ocrx_word' id='word_1_63' title='bbox 449 1251 657 1311; x_wconf 86' lang='grc' dir='ltr'><strong><em>ΤΥΧ.</em></strong></span> <span class='ocrx_word' id='word_1_64' title='bbox 711 1248 879 1309; x_wconf 87' lang='grc' dir='ltr'><em>Τίνα</em></span> <span class='ocrx_word' id='word_1_65' title='bbox 921 1241 1201 1330; x_wconf 86' lang='grc' dir='ltr'><strong><em>ταύτην,-</em></strong></span> 
     </span>
    </p>

    <p class='ocr_par' dir='ltr' id='par_1_7' title="bbox 264 1340 2430 1737">
     <span class='ocr_line' id='line_1_11' title="bbox 439 1340 2429 1435; baseline 0.002 -22"><span class='ocrx_word' id='word_1_66' title='bbox 439 1350 661 1413; x_wconf 90' lang='grc' dir='ltr'><strong><em>ΠΛΡ.</em></strong></span> <span class='ocrx_word' id='word_1_67' title='bbox 739 1340 950 1413; x_wconf 72' lang='grc' dir='ltr'><em>Οὔπω</em></span> <span class='ocrx_word' id='word_1_68' title='bbox 1005 1369 1126 1428; x_wconf 89' lang='grc' dir='ltr'><strong><em>μοι</em></strong></span> <span class='ocrx_word' id='word_1_69' title='bbox 1194 1344 1366 1410; x_wconf 85' lang='grc' dir='ltr'><strong><em>δοκῶ</em></strong></span> <span class='ocrx_word' id='word_1_70' title='bbox 1421 1342 1579 1422; x_wconf 73' lang='grc' dir='ltr'><strong><em>τοὺς</em></strong></span> <span class='ocrx_word' id='word_1_71' title='bbox 1636 1346 1794 1429; x_wconf 82' lang='grc' dir='ltr'><strong><em>περὶ</em></strong></span> <span class='ocrx_word' id='word_1_72' title='bbox 1850 1345 2097 1435; x_wconf 86' lang='grc' dir='ltr'><strong><em>ταύτην</em></strong></span> <span class='ocrx_word' id='word_1_73' title='bbox 2156 1346 2429 1432; x_wconf 77' lang='grc' dir='ltr'><em>ἐκμεμε-</em></span> 
     </span>
     <span class='ocr_line' id='line_1_12' title="bbox 264 1439 2427 1537; baseline 0.001 -22"><span class='ocrx_word' id='word_1_74' title='bbox 264 1451 613 1537; x_wconf 84' lang='grc' dir='ltr'><strong><em>λετηκέναι</em></strong></span> <span class='ocrx_word' id='word_1_75' title='bbox 660 1447 912 1534; x_wconf 84' lang='grc' dir='ltr'><strong><em>λόγους.</em></strong></span> <span class='ocrx_word' id='word_1_76' title='bbox 1000 1446 1177 1513; x_wconf 74' lang='grc' dir='ltr'><strong><em>ὥστε</em></strong></span> <span class='ocrx_word' id='word_1_77' title='bbox 1219 1439 1328 1514; x_wconf 72' lang='grc' dir='ltr'><strong><em>ὅτι</em></strong></span> <span class='ocrx_word' id='word_1_78' title='bbox 1370 1450 1600 1533; x_wconf 86' lang='grc' dir='ltr'><strong><em>τέχνην</em></strong></span> <span class='ocrx_word' id='word_1_79' title='bbox 1644 1451 1765 1529; x_wconf 84' lang='grc' dir='ltr'><strong><em>μέν</em></strong></span> <span class='ocrx_word' id='word_1_80' title='bbox 1823 1474 1976 1515; x_wconf 91' lang='grc' dir='ltr'><strong><em>τινα</em></strong></span> <span class='ocrx_word' id='word_1_81' title='bbox 2035 1447 2427 1534; x_wconf 77' lang='grc' dir='ltr'><strong><em>ἐπίσταμαι,</em></strong></span> 
     </span>
     <span class='ocr_line' id='line_1_13' title="bbox 265 1546 2430 1639; baseline 0.001 -21"><span class='ocrx_word' id='word_1_82' title='bbox 265 1547 554 1636; x_wconf 74' lang='grc' dir='ltr'><strong><em>ὑπάρχει</em></strong></span> <span class='ocrx_word' id='word_1_83' title='bbox 597 1546 722 1639; x_wconf 79' lang='grc' dir='ltr'><strong><em>ἤδη</em></strong></span> <span class='ocrx_word' id='word_1_84' title='bbox 771 1573 881 1618; x_wconf 89' lang='grc' dir='ltr'><strong><em>σοι</em></strong></span> <span class='ocrx_word' id='word_1_85' title='bbox 922 1548 1269 1637; x_wconf 79' lang='grc' dir='ltr'><em>γινώσκειν</em></span> <span class='ocrx_word' id='word_1_86' title='bbox 1312 1550 1423 1615; x_wconf 86' lang='grc' dir='ltr'><strong><em>καὶ</em></strong></span> <span class='ocrx_word' id='word_1_87' title='bbox 1460 1547 1549 1634; x_wconf 85' lang='grc' dir='ltr'><strong><em>μὴ</em></strong></span> <span class='ocrx_word' id='word_1_88' title='bbox 1601 1548 1714 1616; x_wconf 83' lang='grc' dir='ltr'><strong><em>διὰ</em></strong></span> <span class='ocrx_word' id='word_1_89' title='bbox 1743 1553 1942 1616; x_wconf 77' lang='grc' dir='ltr'><strong><em>τοῦτο</em></strong></span> <span class='ocrx_word' id='word_1_90' title='bbox 1969 1552 2280 1633; x_wconf 78' lang='grc' dir='ltr'><strong><em>χαλεπῶς</em></strong></span> <span class='ocrx_word' id='word_1_91' title='bbox 2309 1578 2430 1636; x_wconf 86' lang='grc' dir='ltr'><strong><em>μοι</em></strong></span> 
     </span>
     <span class='ocr_line' id='line_1_14' title="bbox 267 1644 1575 1737; baseline -0.002 -19"><span class='ocrx_word' id='word_1_92' title='bbox 267 1651 473 1735; x_wconf 71' lang='grc' dir='ltr'><strong><em>ἔχειν’</em></strong></span> <span class='ocrx_word' id='word_1_93' title='bbox 519 1644 750 1737; x_wconf 75' lang='grc' dir='ltr'><strong><em>ἥντινα</em></strong></span> <span class='ocrx_word' id='word_1_94' title='bbox 797 1653 889 1734; x_wconf 88' lang='grc' dir='ltr'><strong><em>δέ,</em></strong></span> <span class='ocrx_word' id='word_1_95' title='bbox 941 1652 1258 1730; x_wconf 80' lang='grc' dir='ltr'><strong><em>εἰσαῦθις</em></strong></span> <span class='ocrx_word' id='word_1_96' title='bbox 1303 1650 1575 1737; x_wconf 75' lang='grc' dir='ltr'><strong><em>ἀκούσῃ.</em></strong></span> 
     </span>
    </p>

    <p class='ocr_par' dir='ltr' id='par_1_8' title="bbox 449 1748 1439 1836">
     <span class='ocr_line' id='line_1_15' title="bbox 449 1748 1439 1836; baseline -0.003 -15"><span class='ocrx_word' id='word_1_97' title='bbox 449 1762 654 1823; x_wconf 85' lang='lat' dir='ltr'><strong><em>TYX.</em></strong></span> <span class='ocrx_word' id='word_1_98' title='bbox 689 1749 883 1821; x_wconf 65' lang='lat' dir='ltr'><strong><em>&#39;Am&#39;</em></strong></span> <span class='ocrx_word' id='word_1_99' title='bbox 936 1748 1052 1822; x_wconf 73' lang='grc' dir='ltr'><strong><em>οὐκ</em></strong></span> <span class='ocrx_word' id='word_1_100' title='bbox 1099 1749 1439 1836; x_wconf 74' lang='grc' dir='ltr'><strong><em>ἀνέξομαι.</em></strong></span> 
     </span>
    </p>

    <p class='ocr_par' dir='ltr' id='par_1_9' title="bbox 265 1852 2433 2027">
     <span class='ocr_line' id='line_1_16' title="bbox 439 1852 2433 1976; baseline 0.001 -54"><span class='ocrx_word' id='word_1_101' title='bbox 439 1861 659 1976; x_wconf 56' lang='grc' dir='ltr'><strong><em>ΠΛΡ.</em></strong></span> <span class='ocrx_word' id='word_1_102' title='bbox 734 1857 827 1924; x_wconf 89' lang='grc' dir='ltr'><strong><em>Τό</em></strong></span> <span class='ocrx_word' id='word_1_103' title='bbox 872 1882 946 1945; x_wconf 91' lang='grc' dir='ltr'><em>γε</em></span> <span class='ocrx_word' id='word_1_104' title='bbox 988 1860 1108 1946; x_wconf 83' lang='grc' dir='ltr'><strong><em>τῆς</em></strong></span> <span class='ocrx_word' id='word_1_105' title='bbox 1159 1865 1390 1943; x_wconf 80' lang='grc' dir='ltr'><strong><em>τέχνης</em></strong></span> <span class='ocrx_word' id='word_1_106' title='bbox 1447 1852 1834 1939; x_wconf 80' lang='grc' dir='ltr'><strong><em>παράδοξον</em></strong></span> <span class='ocrx_word' id='word_1_107' title='bbox 1891 1854 2058 1934; x_wconf 81' lang='grc' dir='ltr'><strong><em>ἰ’σως</em></strong></span> <span class='ocrx_word' id='word_1_108' title='bbox 2114 1862 2433 1944; x_wconf 86' lang='grc' dir='ltr'><em>φανεῖταί</em></span> 
     </span>
     <span class='ocr_line' id='line_1_17' title="bbox 265 1980 806 2027; baseline 0.007 -4"><span class='ocrx_word' id='word_1_109' title='bbox 265 1980 379 2025; x_wconf 92' lang='grc' dir='ltr'><strong><em>σοι</em></strong></span> <span class='ocrx_word' id='word_1_110' title='bbox 427 1982 806 2027; x_wconf 88' lang='grc' dir='ltr'><strong><em>ακουσαντι.</em></strong></span> 
     </span>
    </p>

    <p class='ocr_par' dir='ltr' id='par_1_10' title="bbox 450 2054 2141 2147">
     <span class='ocr_line' id='line_1_18' title="bbox 450 2054 2141 2147; baseline 0.001 -21"><span class='ocrx_word' id='word_1_111' title='bbox 450 2069 651 2128; x_wconf 87' lang='lat' dir='ltr'><em>TYX.</em></span> <span class='ocrx_word' id='word_1_112' title='bbox 699 2065 836 2128; x_wconf 85' lang='grc' dir='ltr'><strong><em>Καὶ</em></strong></span> <span class='ocrx_word' id='word_1_113' title='bbox 881 2060 1012 2147; x_wconf 88' lang='grc' dir='ltr'><strong><em>μὴν</em></strong></span> <span class='ocrx_word' id='word_1_114' title='bbox 1059 2059 1172 2127; x_wconf 81' lang='grc' dir='ltr'><strong><em>διὰ</em></strong></span> <span class='ocrx_word' id='word_1_115' title='bbox 1217 2063 1414 2127; x_wconf 83' lang='grc' dir='ltr'><strong><em>τοῦτο</em></strong></span> <span class='ocrx_word' id='word_1_116' title='bbox 1463 2054 1823 2139; x_wconf 70' lang='grc' dir='ltr'><strong><em>σπουδάζει)</em></strong></span> <span class='ocrx_word' id='word_1_117' title='bbox 1868 2064 2141 2143; x_wconf 86' lang='grc' dir='ltr'><strong><em>μαθεῖν.</em></strong></span> 
     </span>
    </p>

    <p class='ocr_par' dir='ltr' id='par_1_11' title="bbox 440 2148 1533 2249">
     <span class='ocr_line' id='line_1_19' title="bbox 440 2148 1533 2249; baseline -0.001 -20"><span class='ocrx_word' id='word_1_118' title='bbox 440 2167 659 2231; x_wconf 95' lang='grc' dir='ltr'><strong><em>ΠΛΡ.</em></strong></span> <span class='ocrx_word' id='word_1_119' title='bbox 708 2163 1063 2244; x_wconf 81' lang='grc' dir='ltr'><strong><em>Εἷσαῦθις,</em></strong></span> <span class='ocrx_word' id='word_1_120' title='bbox 1112 2148 1166 2228; x_wconf 76' lang='grc' dir='ltr'><em>ὦ</em></span> <span class='ocrx_word' id='word_1_121' title='bbox 1219 2161 1533 2249; x_wconf 81' lang='grc' dir='ltr'><strong><em>Τυχιάδη.</em></strong></span> 
     </span>
    </p>

    <p class='ocr_par' dir='ltr' id='par_1_12' title="bbox 263 2257 2430 2455">
     <span class='ocr_line' id='line_1_20' title="bbox 445 2257 2430 2355; baseline -0.002 -23"><span class='ocrx_word' id='word_1_122' title='bbox 445 2273 653 2332; x_wconf 86' lang='grc' dir='ltr'><strong><em>ΤΥΧ.</em></strong></span> <span class='ocrx_word' id='word_1_123' title='bbox 723 2268 1116 2355; x_wconf 79' lang='grc' dir='ltr'><em>Μηδαμῶς,</em></span> <span class='ocrx_word' id='word_1_124' title='bbox 1186 2259 1334 2331; x_wconf 77' lang='grc' dir='ltr'><strong><em>ἀλλ’</em></strong></span> <span class='ocrx_word' id='word_1_125' title='bbox 1399 2258 1525 2352; x_wconf 81' lang='grc' dir='ltr'><strong><em>ἤδη</em></strong></span> <span class='ocrx_word' id='word_1_126' title='bbox 1588 2265 1761 2350; x_wconf 83' lang='grc' dir='ltr'><em>λέγε,</em></span> <span class='ocrx_word' id='word_1_127' title='bbox 1832 2263 1892 2331; x_wconf 81' lang='grc' dir='ltr'><strong><em>εἰ</em></strong></span> <span class='ocrx_word' id='word_1_128' title='bbox 1951 2263 2041 2349; x_wconf 86' lang='grc' dir='ltr'><strong><em>μή</em></strong></span> <span class='ocrx_word' id='word_1_129' title='bbox 2110 2288 2239 2352; x_wconf 81' lang='grc' dir='ltr'><strong><em>περ</em></strong></span> <span class='ocrx_word' id='word_1_130' title='bbox 2300 2257 2430 2350; x_wconf 80' lang='grc' dir='ltr'><strong><em>ὂῖρα</em></strong></span> 
     </span>
     <span class='ocr_line' id='line_1_21' title="bbox 263 2361 562 2455; baseline 0.007 -24"><span class='ocrx_word' id='word_1_131' title='bbox 263 2361 562 2455; x_wconf 80' lang='grc' dir='ltr'><strong><em>αἰσχύνῃ.</em></strong></span> 
     </span>
    </p>

    <p class='ocr_par' dir='ltr' id='par_1_13' title="bbox 437 2466 1249 2592">
     <span class='ocr_line' id='line_1_22' title="bbox 437 2466 1249 2592; baseline 0.004 -56"><span class='ocrx_word' id='word_1_132' title='bbox 437 2473 657 2538; x_wconf 88' lang='grc' dir='ltr'><strong><em>ΠΛΡ.</em></strong></span> <span class='ocrx_word' id='word_1_133' title='bbox 697 2466 785 2539; x_wconf 91' lang='grc' dir='ltr'><strong>Ἡ</strong></span> <span class='ocrx_word' id='word_1_134' title='bbox 820 2471 1249 2592; x_wconf 81' lang='grc' dir='ltr'><strong><em>παρασιτική.</em></strong></span> 
     </span>
    </p>

    <p class='ocr_par' dir='ltr' id='par_1_14' title="bbox 261 2560 2495 2764">
     <span class='ocr_line' id='line_1_23' title="bbox 433 2560 2495 2663; baseline -0.002 -26"><span class='ocrx_word' id='word_1_135' title='bbox 433 2577 490 2637; x_wconf 84' lang='grc'><strong><em>2.</em></strong></span> <span class='ocrx_word' id='word_1_136' title='bbox 544 2581 745 2640; x_wconf 83' lang='grc' dir='ltr'><strong><em>ΤΥΧ.</em></strong></span> <span class='ocrx_word' id='word_1_137' title='bbox 793 2560 988 2663; x_wconf 72' lang='grc' dir='ltr'><strong><em>Κᾷτα</em></strong></span> <span class='ocrx_word' id='word_1_138' title='bbox 1033 2574 1093 2641; x_wconf 83' lang='grc' dir='ltr'><strong><em>εἰ</em></strong></span> <span class='ocrx_word' id='word_1_139' title='bbox 1135 2571 1225 2663; x_wconf 88' lang='grc' dir='ltr'><strong><em>μὴ</em></strong></span> <span class='ocrx_word' id='word_1_140' title='bbox 1272 2571 1584 2657; x_wconf 87' lang='grc' dir='ltr'><strong><em>μαίνοιτό</em></strong></span> <span class='ocrx_word' id='word_1_141' title='bbox 1631 2595 1753 2651; x_wconf 93' lang='grc' dir='ltr'><strong><em>τις,</em></strong></span> <span class='ocrx_word' id='word_1_142' title='bbox 1801 2595 1854 2635; x_wconf 89' lang='grc' dir='ltr'><em>ω</em></span> <span class='ocrx_word' id='word_1_143' title='bbox 1901 2574 2148 2653; x_wconf 81' lang='grc' dir='ltr'><em>Σίμων,</em></span> <span class='ocrx_word' id='word_1_144' title='bbox 2195 2572 2422 2655; x_wconf 85' lang='grc' dir='ltr'><strong><em>τέχνην</em></strong></span> <span class='ocrx_word' id='word_1_145' title='bbox 2458 2581 2495 2634; x_wconf 66' lang='lat' dir='ltr'><strong><em>‘z</em></strong></span> 
     </span>
     <span class='ocr_line' id='line_1_24' title="bbox 261 2671 899 2764; baseline 0.005 -26"><span class='ocrx_word' id='word_1_146' title='bbox 261 2673 512 2756; x_wconf 86' lang='grc' dir='ltr'><strong><em>ταύτην</em></strong></span> <span class='ocrx_word' id='word_1_147' title='bbox 560 2681 732 2764; x_wconf 84' lang='grc' dir='ltr'><em>φαίη</em></span> <span class='ocrx_word' id='word_1_148' title='bbox 780 2671 899 2758; x_wconf 59' lang='lat'><strong><em>6512,-</em></strong></span> 
     </span>
    </p>

    <p class='ocr_par' dir='ltr' id='par_1_15' title="bbox 436 2772 2434 2891">
     <span class='ocr_line' id='line_1_25' title="bbox 436 2772 2434 2891; baseline -0.005 -48"><span class='ocrx_word' id='word_1_149' title='bbox 436 2781 659 2845; x_wconf 83' lang='lat' dir='ltr'><em>HAP.</em></span> <span class='ocrx_word' id='word_1_150' title='bbox 712 2772 981 2865; x_wconf 79' lang='grc' dir='ltr'><em>Ἔγωγε·</em></span> <span class='ocrx_word' id='word_1_151' title='bbox 1040 2777 1101 2845; x_wconf 80' lang='grc' dir='ltr'><strong><em>εἰ</em></strong></span> <span class='ocrx_word' id='word_1_152' title='bbox 1153 2777 1227 2843; x_wconf 82' lang='grc' dir='ltr'><strong><em>δέ</em></strong></span> <span class='ocrx_word' id='word_1_153' title='bbox 1283 2798 1396 2844; x_wconf 89' lang='grc' dir='ltr'><strong><em>σοι</em></strong></span> <span class='ocrx_word' id='word_1_154' title='bbox 1450 2778 1823 2859; x_wconf 87' lang='grc' dir='ltr'><em>μαίνεσθαι</em></span> <span class='ocrx_word' id='word_1_155' title='bbox 1879 2773 2084 2852; x_wconf 79' lang='grc' dir='ltr'><strong><em>δοκῶ,</em></strong></span> <span class='ocrx_word' id='word_1_156' title='bbox 2143 2773 2263 2835; x_wconf 86' lang='grc' dir='ltr'><strong><em>τοῦ</em></strong></span> <span class='ocrx_word' id='word_1_157' title='bbox 2307 2795 2434 2891; x_wconf 84' lang='grc' dir='ltr'><strong><em>μη-</em></strong></span> 
     </span>
    </p>

    <p class='ocr_par' dir='ltr' id='par_1_16' title="bbox 159 2869 2436 3480">
     <span class='ocr_line' id='line_1_26' title="bbox 159 2869 2433 2969; baseline -0.002 -26"><span class='ocrx_word' id='word_1_158' title='bbox 159 2879 506 2963; x_wconf 76' lang='grc' dir='ltr'><em>8386εμίαν</em></span> <span class='ocrx_word' id='word_1_159' title='bbox 564 2876 769 2969; x_wconf 82' lang='grc' dir='ltr'><strong><em>άλλην</em></strong></span> <span class='ocrx_word' id='word_1_160' title='bbox 826 2880 1252 2948; x_wconf 75' lang='grc' dir='ltr'><strong><em>ἐπίστασθαι</em></strong></span> <span class='ocrx_word' id='word_1_161' title='bbox 1305 2883 1535 2966; x_wconf 81' lang='grc' dir='ltr'><strong><em>τέχνην</em></strong></span> <span class='ocrx_word' id='word_1_162' title='bbox 1596 2874 1820 2943; x_wconf 83' lang='grc' dir='ltr'><em>αἰτίαν</em></span> <span class='ocrx_word' id='word_1_163' title='bbox 1888 2870 2062 2942; x_wconf 85' lang='grc' dir='ltr'><em>εἶναί</em></span> <span class='ocrx_word' id='word_1_164' title='bbox 2127 2898 2247 2956; x_wconf 87' lang='grc' dir='ltr'><strong><em>μοι</em></strong></span> <span class='ocrx_word' id='word_1_165' title='bbox 2313 2869 2433 2959; x_wconf 87' lang='grc' dir='ltr'><strong><em>τὴν</em></strong></span> 
     </span>
     <span class='ocr_line' id='line_1_27' title="bbox 263 2968 2433 3070; baseline -0.004 -21"><span class='ocrx_word' id='word_1_166' title='bbox 263 2988 516 3066; x_wconf 87' lang='grc' dir='ltr'><em>μανίαν</em></span> <span class='ocrx_word' id='word_1_167' title='bbox 562 2981 745 3049; x_wconf 87' lang='grc' dir='ltr'><strong><em>δόκει</em></strong></span> <span class='ocrx_word' id='word_1_168' title='bbox 789 2988 902 3050; x_wconf 89' lang='grc' dir='ltr'><strong><em>καί</em></strong></span> <span class='ocrx_word' id='word_1_169' title='bbox 944 3008 1028 3067; x_wconf 85' lang='grc' dir='ltr'><strong><em>με</em></strong></span> <span class='ocrx_word' id='word_1_170' title='bbox 1083 2986 1219 3049; x_wconf 78' lang='grc' dir='ltr'><strong><em>τῶν</em></strong></span> <span class='ocrx_word' id='word_1_171' title='bbox 1282 2977 1706 3070; x_wconf 82' lang='grc' dir='ltr'><em>εγκλημάτων</em></span> <span class='ocrx_word' id='word_1_172' title='bbox 1767 2972 1893 3067; x_wconf 82' lang='grc' dir='ltr'><strong><em>ἤδη</em></strong></span> <span class='ocrx_word' id='word_1_173' title='bbox 1955 2968 2169 3061; x_wconf 83' lang='grc' dir='ltr'><strong><em>άφίει.</em></strong></span> <span class='ocrx_word' id='word_1_174' title='bbox 2259 2977 2433 3063; x_wconf 86' lang='grc' dir='ltr'><strong><em>φασὶ</em></strong></span> 
     </span>
     <span class='ocr_line' id='line_1_28' title="bbox 264 3074 2434 3206; baseline -0.002 -57"><span class='ocrx_word' id='word_1_175' title='bbox 264 3083 394 3170; x_wconf 85' lang='grc' dir='ltr'><strong><em>γὰρ</em></strong></span> <span class='ocrx_word' id='word_1_176' title='bbox 439 3082 560 3171; x_wconf 88' lang='grc' dir='ltr'><strong><em>τὴν</em></strong></span> <span class='ocrx_word' id='word_1_177' title='bbox 607 3084 895 3169; x_wconf 86' lang='grc' dir='ltr'><strong><em>δαίμονα</em></strong></span> <span class='ocrx_word' id='word_1_178' title='bbox 937 3084 1184 3173; x_wconf 87' lang='grc' dir='ltr'><strong><em>ταύτην</em></strong></span> <span class='ocrx_word' id='word_1_179' title='bbox 1230 3083 1314 3152; x_wconf 80' lang='grc' dir='ltr'><strong><em>τὰ</em></strong></span> <span class='ocrx_word' id='word_1_180' title='bbox 1340 3084 1505 3206; x_wconf 45' lang='grc' dir='ltr'><strong><em>Ημὲν</em></strong></span> <span class='ocrx_word' id='word_1_181' title='bbox 1528 3077 1701 3149; x_wconf 84' lang='grc' dir='ltr'><em>αλλα</em></span> <span class='ocrx_word' id='word_1_182' title='bbox 1741 3077 2045 3166; x_wconf 80' lang='grc' dir='ltr'><strong><em>χαλεπὴν</em></strong></span> <span class='ocrx_word' id='word_1_183' title='bbox 2086 3074 2259 3145; x_wconf 87' lang='grc' dir='ltr'><em>εἶναι</em></span> <span class='ocrx_word' id='word_1_184' title='bbox 2289 3090 2434 3155; x_wconf 85' lang='grc' dir='ltr'><strong><em>τοῖς</em></strong></span> 
     </span>
     <span class='ocr_line' id='line_1_29' title="bbox 268 3172 2435 3274; baseline -0.004 -20"><span class='ocrx_word' id='word_1_185' title='bbox 268 3185 525 3269; x_wconf 88' lang='grc' dir='ltr'><strong><em>ε’χουσι,</em></strong></span> <span class='ocrx_word' id='word_1_186' title='bbox 585 3192 1084 3274; x_wconf 79' lang='grc' dir='ltr'><strong><em>παραιτεῖσθαι</em></strong></span> <span class='ocrx_word' id='word_1_187' title='bbox 1144 3187 1215 3254; x_wconf 80' lang='grc' dir='ltr'><strong><em>δὲ</em></strong></span> <span class='ocrx_word' id='word_1_188' title='bbox 1272 3189 1405 3253; x_wconf 79' lang='grc' dir='ltr'><strong><em>τῶν</em></strong></span> <span class='ocrx_word' id='word_1_189' title='bbox 1469 3180 1966 3272; x_wconf 76' lang='grc' dir='ltr'><strong><em>ἁμαρτημάτων</em></strong></span> <span class='ocrx_word' id='word_1_190' title='bbox 2012 3174 2254 3259; x_wconf 79' lang='grc' dir='ltr'><strong><em>αυτοὺς</em></strong></span> <span class='ocrx_word' id='word_1_191' title='bbox 2301 3172 2435 3246; x_wconf 75' lang='grc' dir='ltr'>(ἵσ-</span> 
     </span>
     <span class='ocr_line' id='line_1_30' title="bbox 269 3277 2436 3376; baseline -0.003 -22"><span class='ocrx_word' id='word_1_192' title='bbox 269 3313 400 3376; x_wconf 84' lang='grc' dir='ltr'><strong><em>περ</em></strong></span> <span class='ocrx_word' id='word_1_193' title='bbox 460 3278 931 3355; x_wconf 78' lang='grc' dir='ltr'><strong><em>διδάσκαλον&gt;</em></strong></span> <span class='ocrx_word' id='word_1_194' title='bbox 906 3316 945 3373; x_wconf 87' lang='grc' dir='ltr'><em>η</em></span> <span class='ocrx_word' id='word_1_195' title='bbox 999 3287 1433 3375; x_wconf 79' lang='grc' dir='ltr'><em>παιδαγωγὸν</em></span> <span class='ocrx_word' id='word_1_196' title='bbox 1490 3285 1745 3354; x_wconf 85' lang='grc' dir='ltr'><strong><em>τούτων</em></strong></span> <span class='ocrx_word' id='word_1_197' title='bbox 1807 3277 2292 3370; x_wconf 75' lang='grc' dir='ltr'><em>ἀναδεχομένην</em></span> <span class='ocrx_word' id='word_1_198' title='bbox 2339 3281 2436 3359; x_wconf 88' lang='grc' dir='ltr'><strong><em>εἰς</em></strong></span> 
     </span>
     <span class='ocr_line' id='line_1_31' title="bbox 270 3384 930 3480; baseline -0.002 -24"><span class='ocrx_word' id='word_1_199' title='bbox 270 3384 476 3480; x_wconf 74' lang='grc' dir='ltr'><strong><em>αὐτὴν</em></strong></span> <span class='ocrx_word' id='word_1_200' title='bbox 519 3391 642 3468; x_wconf 81' lang='grc' dir='ltr'><strong><em>τὰς</em></strong></span> <span class='ocrx_word' id='word_1_201' title='bbox 690 3390 930 3469; x_wconf 84' lang='grc' dir='ltr'><strong><em>αἰτίας.</em></strong></span> 
     </span>
    </p>

    <p class='ocr_par' dir='ltr' id='par_1_17' title="bbox 449 3477 2436 3576">
     <span class='ocr_line' id='line_1_32' title="bbox 449 3477 2436 3576; baseline -0.002 -17"><span class='ocrx_word' id='word_1_202' title='bbox 449 3500 656 3561; x_wconf 83' lang='grc' dir='ltr'><strong><em>ΤΥΧ.</em></strong></span> <span class='ocrx_word' id='word_1_203' title='bbox 735 3491 1018 3575; x_wconf 76' lang='grc' dir='ltr'><strong><em>Οὐκοῦν,</em></strong></span> <span class='ocrx_word' id='word_1_204' title='bbox 1076 3477 1129 3559; x_wconf 76' lang='grc' dir='ltr'><em>ὦ</em></span> <span class='ocrx_word' id='word_1_205' title='bbox 1175 3497 1431 3576; x_wconf 75' lang='grc' dir='ltr'><em>Σίμων,</em></span> <span class='ocrx_word' id='word_1_206' title='bbox 1478 3486 1516 3575; x_wconf 82' lang='grc' dir='ltr'><em>ἦ</em></span> <span class='ocrx_word' id='word_1_207' title='bbox 1564 3484 1974 3574; x_wconf 81' lang='grc' dir='ltr'><strong><em>παρασιτικὴ</em></strong></span> <span class='ocrx_word' id='word_1_208' title='bbox 2020 3489 2207 3570; x_wconf 85' lang='grc' dir='ltr'><strong><em>τέχνη</em></strong></span> <span class='ocrx_word' id='word_1_209' title='bbox 2256 3482 2436 3566; x_wconf 78' lang='grc' dir='ltr'><strong><em>ἐστί,·</em></strong></span> 
     </span>
    </p>

    <p class='ocr_par' dir='ltr' id='par_1_18' title="bbox 443 3586 2096 3683">
     <span class='ocr_line' id='line_1_33' title="bbox 443 3586 2096 3683; baseline -0.005 -20"><span class='ocrx_word' id='word_1_210' title='bbox 443 3598 662 3662; x_wconf 88' lang='grc' dir='ltr'><strong><em>ΠΛΡ.</em></strong></span> <span class='ocrx_word' id='word_1_211' title='bbox 718 3600 922 3683; x_wconf 90' lang='grc' dir='ltr'><strong><em>Τέχνη</em></strong></span> <span class='ocrx_word' id='word_1_212' title='bbox 967 3594 1113 3681; x_wconf 90' lang='grc' dir='ltr'><strong><em>γάρ,</em></strong></span> <span class='ocrx_word' id='word_1_213' title='bbox 1157 3587 1336 3680; x_wconf 74' lang='grc' dir='ltr'><em>κάγώ</em></span> <span class='ocrx_word' id='word_1_214' title='bbox 1383 3592 1631 3679; x_wconf 81' lang='grc' dir='ltr'><strong><em>ταύτης</em></strong></span> <span class='ocrx_word' id='word_1_215' title='bbox 1678 3586 2096 3678; x_wconf 85' lang='grc' dir='ltr'><strong><em>δημιουργός.</em></strong></span> 
     </span>
    </p>

    <p class='ocr_par' dir='ltr' id='par_1_19' title="bbox 452 3691 1603 3783">
     <span class='ocr_line' id='line_1_34' title="bbox 452 3691 1603 3783; baseline -0.004 -19"><span class='ocrx_word' id='word_1_216' title='bbox 452 3706 656 3765; x_wconf 84' lang='grc' dir='ltr'><strong><em>ΤΥΧ.</em></strong></span> <span class='ocrx_word' id='word_1_217' title='bbox 700 3700 834 3764; x_wconf 86' lang='grc' dir='ltr'><strong><em>Καὶ</em></strong></span> <span class='ocrx_word' id='word_1_218' title='bbox 885 3696 964 3764; x_wconf 82' lang='grc' dir='ltr'><strong>σύ</strong></span> <span class='ocrx_word' id='word_1_219' title='bbox 1011 3691 1144 3783; x_wconf 91' lang='grc' dir='ltr'><strong><em>άρα</em></strong></span> <span class='ocrx_word' id='word_1_220' title='bbox 1189 3694 1603 3779; x_wconf 81' lang='grc' dir='ltr'><strong><em>παράσιτος,·</em></strong></span> 
     </span>
    </p>

    <p class='ocr_par' dir='ltr' id='par_1_20' title="bbox 445 3792 1797 3883">
     <span class='ocr_line' id='line_1_35' title="bbox 445 3792 1797 3883; baseline -0.005 -17"><span class='ocrx_word' id='word_1_221' title='bbox 445 3804 665 3866; x_wconf 91' lang='grc' dir='ltr'><strong><em>ΠΛΡ.</em></strong></span> <span class='ocrx_word' id='word_1_222' title='bbox 713 3799 908 3866; x_wconf 88' lang='grc' dir='ltr'><strong><em>Πάνυ</em></strong></span> <span class='ocrx_word' id='word_1_223' title='bbox 954 3792 1328 3878; x_wconf 80' lang='grc' dir='ltr'><em>ὠνείδισας,</em></span> <span class='ocrx_word' id='word_1_224' title='bbox 1375 3793 1428 3861; x_wconf 82' lang='grc' dir='ltr'><em>ὠ</em></span> <span class='ocrx_word' id='word_1_225' title='bbox 1484 3793 1797 3883; x_wconf 79' lang='grc' dir='ltr'><strong><em>Τυχιάδη.</em></strong></span> 
     </span>
    </p>

    <p class='ocr_par' dir='ltr' id='par_1_21' title="bbox 274 3887 2437 4089">
     <span class='ocr_line' id='line_1_36' title="bbox 454 3887 2437 3987; baseline -0.006 -17"><span class='ocrx_word' id='word_1_226' title='bbox 454 3909 662 3970; x_wconf 86' lang='grc' dir='ltr'><strong><em>ΤΥΧ.</em></strong></span> <span class='ocrx_word' id='word_1_227' title='bbox 715 3895 899 3968; x_wconf 77' lang='grc' dir='ltr'><strong><em>Ἀλλ’</em></strong></span> <span class='ocrx_word' id='word_1_228' title='bbox 965 3927 1080 3968; x_wconf 90' lang='grc' dir='ltr'><strong><em>ουκ</em></strong></span> <span class='ocrx_word' id='word_1_229' title='bbox 1140 3899 1464 3987; x_wconf 75' lang='grc' dir='ltr'><strong><em>ἐρυθριᾷς</em></strong></span> <span class='ocrx_word' id='word_1_230' title='bbox 1519 3897 1899 3984; x_wconf 81' lang='grc' dir='ltr'><strong><em>παράσιτον</em></strong></span> <span class='ocrx_word' id='word_1_231' title='bbox 1958 3893 2203 3962; x_wconf 84' lang='grc' dir='ltr'><strong><em>σαυτὸν</em></strong></span> <span class='ocrx_word' id='word_1_232' title='bbox 2258 3887 2437 3960; x_wconf 75' lang='grc' dir='ltr'><strong><em>ἄπο-</em></strong></span> 
     </span>
     <span class='ocr_line' id='line_1_37' title="bbox 274 4008 529 4089; baseline -0.004 -16"><span class='ocrx_word' id='word_1_233' title='bbox 274 4008 529 4089; x_wconf 82' lang='grc' dir='ltr'><em>καλῶν,-</em></span> 
     </span>
    </p>
   </div>
  </div>
 </body>
</html>
