2867 4525
1171 283 1560 338 ΑΝΑΧΑΡΣΙΣ.
2381 287 2459 345 57

292 448 542 538 ἀρετάς
583 479 658 520 τε
689 446 949 536 ἆνδρῶν
980 455 1297 522 παλαιῶν
1325 457 1435 521 καὶ
1468 459 1703 531 κακίας
1741 458 2148 538 θεωμένους,
2196 450 2290 533 ὥς
2333 460 2466 523 τῶν

289 556 419 639 μὲν
476 550 1008 641 ἀποτρέποιντο,
1069 549 1179 622 ἐπ’
1233 556 1449 623 ἐκεῖνα
1496 556 1567 622 δὲ
1627 555 2000 623 σπεύδοιεν.
2089 571 2234 636 τοῖς
2278 558 2354 625 δέ
2394 584 2469 644 γε

289 659 649 745 κωμῳδοῖς
698 659 811 724 καὶ
871 655 1348 726 ἀποσκώπτειν
1392 660 1504 725 καὶ
1565 658 2032 743 λοιδορεῖσθαι
2080 657 2354 746 ἐφίεμεν
2401 659 2470 738 ἐς

293 759 451 838 τούς
479 762 773 837 πολίτας
803 758 918 836 οὓς
950 749 1032 825 ἂν
1064 759 1302 845 αἰσχρὰ
1348 764 1461 827 καὶ
1495 755 1737 839 ἀνάξια
1774 764 1892 850 τῆς
1921 756 2188 840 πόλεως
2232 761 2470 852 ἐπιτη-

295 862 616 940 δεύοντας
646 862 1051 943 αἵσθωνται,
1087 855 1306 929 αὐτῶν
1335 888 1410 929 τε
1441 860 1710 929 ἐκείνων
1733 862 1951 948 χάριν,
2000 857 2315 947 ἇμείνους
2343 864 2470 952 γὰρ

293 957 472 1031 οὕτω
502 969 845 1050 γίγνονται
876 958 1375 1048 ὀνειδιζόμενοι,
1406 966 1519 1030 καὶ
1550 975 1684 1030 τῶν
1716 966 2005 1047 πολλῶν,
2038 962 2132 1044 ῶς
2163 965 2472 1054 φεύγοιεν

294 1066 413 1134 τὸν
461 1065 580 1134 ἐπὶ
625 1080 770 1144 τοῖς
814 1062 1083 1149 ὁμοίοις
1128 1065 1410 1165 ἔλεγχον.

469 1174 577 1236 23.
619 1172 932 1235 ΑΝΑΧ.
1005 1164 1226 1247 Εἶδον,
1275 1164 1327 1233 ὠ
1370 1167 1620 1250 Σόλων,
1669 1168 1785 1247 οὓς
1828 1168 1962 1258 φὴς
2004 1169 2161 1248 τοὺς
2204 1184 2557 1258 τράγῳ-23

299 1269 458 1349 δούς
502 1273 614 1337 καὶ
657 1270 1053 1357 κωμῳδούς,
1114 1271 1181 1337 εἴ
1218 1295 1292 1357 γε
1349 1270 1592 1338 ἐκεῖνοί
1637 1271 1841 1355 εἰσιν,
1899 1269 2304 1362 ὑποδήματα
2345 1274 2467 1356 μὲν

293 1377 513 1457 βαρέα
554 1376 666 1439 καὶ
712 1369 943 1461 ὑψηλὰ
995 1369 1507 1457 ὑποδεδεμένοι,
1562 1387 1839 1459 χρυσαῖς
1898 1375 1971 1441 δὲ
2014 1382 2309 1452 ταινίαις
2349 1374 2471 1461 τὴν

298 1474 564 1563 ἐσθῆτα
619 1477 1169 1558 πεποικιλμένοι,
1236 1476 1441 1564 κράνη
1503 1475 1575 1542 δὲ
1634 1475 2046 1560 ἐπικείμενοι
2101 1478 2471 1562 παγγέλοια

297 1576 619 1665 κεχηνότα
676 1582 1133 1663 παμμέγεθες,
1197 1577 1386 1645 αὐτοὶ
1447 1578 1520 1645 δὲ
1578 1578 1858 1645 ἔνδοθεν
1914 1578 2172 1663 μεγάλα
2215 1603 2289 1644 τε
2333 1577 2472 1644 ἐκε-

296 1680 627 1764 κράγεσαν
681 1684 794 1748 καὶ
853 1680 1189 1765 διέβαινον
1245 1674 1361 1747 οὐκ
1418 1674 1550 1747 οἶδ’
1602 1673 1792 1757 ὅπως
1850 1678 2175 1768 ἀσφαλῶς
2219 1679 2287 1747 ἐν
2331 1693 2474 1757 τοῖς

298 1778 715 1869 ὑποδήμασι.
788 1782 1105 1869 Διονύσῳ
1151 1783 1224 1850 δὲ
1270 1780 1464 1867 οἶμαι
1492 1777 1719 1868 τότεὴ
1763 1781 1965 1860 πόλις
1996 1781 2339 1865 ἑώρταζεν.
2408 1781 2475 1848 οἱ

302 1884 373 1951 δὲ
419 1885 732 1971 κωμῳδοὶ
763 1884 1161 1971 βραχύτεροι
1189 1885 1311 1969 μὲν
1357 1884 1625 1951 ἐκείνων
1654 1887 1767 1952 καὶ
1806 1884 2002 1964 πεζοὶ
2044 1887 2158 1952 καὶ
2205 1878 2476 1967 ἂνθρω-

299 1986 670 2071 πινώτεροι
726 1991 837 2055 καὶ
882 1982 1081 2075 ἦττον
1135 1986 1378 2072 ἐβόων,
1441 1980 1646 2074 κράνη
1709 1985 1781 2052 δὲ
1839 1986 2014 2053 πολὺ
2068 1986 2474 2073 γελοιότερα,

299 2093 411 2156 καὶ
454 2087 533 2156 τὸ
583 2094 879 2175 θέατρον
934 2093 1091 2175 γοῦν
1139 2082 1322 2156 άπαν
1369 2088 1561 2175 ἐγέλα
1608 2085 1717 2155 ἐπ’
1781 2082 2035 2167 αὐτοῖς·
2093 2088 2358 2158 ἐκείνων
2403 2089 2476 2155 δὲ

299 2194 436 2258 τῶν
464 2186 750 2281 ὑψηλῶν
797 2195 1196 2278 σκυθρωποὶ
1235 2184 1532 2271 άπαντες
1561 2187 1821 2280 ἤκουον,
1870 2190 2325 2276 οἰκτείροντες,
2375 2188 2476 2258 οἶ-

302 2321 451 2379 μαι,
500 2288 741 2372 αύτοῦς
786 2295 998 2373 πέδας
1041 2294 1443 2414 τηλικαύτας
1489 2294 2032 2379 ἐπισυρομένους.

479 2400 700 2465 ΣΟΛ.
785 2392 921 2465 Ούκ
951 2396 1266 2477 ἐκείνους,
1303 2381 1553 2481 ῶγαθέ,
1599 2392 1935 2485 ᾤκτειρον,
1983 2391 2155 2463 αλλὰ
2187 2395 2478 2486 ποιητὴς

304 2500 476 2576 ἰ’σως
507 2493 789 2584 ἀρχαίαν
832 2499 985 2567 τινὰ
1017 2498 1370 2586 συμφορὰν
1404 2498 1829 2566 ἐπεδείκνυτο
1864 2512 2002 2576 τοῖς
2032 2503 2319 2577 θεαταῖς
2362 2502 2475 2566 καὶ

304 2602 535 2688 ῥήσεις
596 2601 866 2684 οἰκτρὰς
922 2600 1282 2687 ἐτραγῴδει
1339 2600 1514 2687 πρὸς
1564 2600 1642 2667 τὸ
1687 2605 2016 2688 θέατρον,
2070 2594 2192 2688 ὑφ’
2258 2627 2353 2667 ων
2410 2599 2478 2679 ἐς

306 2704 562 2790 δάκρυα
587 2706 1019 2770 κατεσπῶντο
1046 2704 1112 2769 οἱ
1138 2697 1506 2780 ακούοντες.
1570 2701 1746 2780 εἰκὸς
1771 2703 1845 2768 δέ
1869 2725 1944 2770 σε
1964 2703 2074 2768 καὶ
2111 2695 2477 2779 αὐλοῦντας

304 2804 672 2890 εωρακέναι
726 2804 916 2883 τινὰς
973 2799 1126 2872 τότε
1180 2806 1293 2871 καὶ
1356 2799 1599 2881 αλλους
1664 2803 2071 2892 συνᾴδοντας
2129 2802 2197 2869 ἐν
2261 2804 2478 2889 κύκλῳ

192 2910 749 2986 905συνεστῶτας.
826 2899 972 2974 οὐδ’
1026 2899 1215 2981 αύτά,
1258 2891 1315 2971 ῶ
1344 2901 1725 2990 Ἀνάχαρσι,
1775 2900 2004 2990 ἆχρεῖα
2049 2900 2319 2995 ᾅσματα
2363 2909 2476 2972 καὶ

305 3004 677 3096 αὐλήματα.
751 3009 1016 3087 τούτοις
1048 3001 1108 3074 δ’
1146 3033 1262 3076 ουν
1294 3000 1516 3076 άπασι
1556 3011 1668 3076 καὶ
1699 3022 1844 3087 τοῖς
1873 3005 2205 3087 τοιούτοις
2250 3033 2476 3094 παρα·-

302 3113 681 3201 θηγόμενοι
721 3137 845 3191 τας
887 3108 1112 3195 ψυχὰς
1158 3103 1475 3194 ἇμείνους
1516 3106 1676 3199 ἡμῖν
1719 3117 2078 3197 γίγνονται.

476 3223 579 3283 24.
633 3213 733 3282 Τὰ
778 3214 852 3280 δὲ
896 3212 977 3302 δὴ
1023 3211 1332 3297 σώματα,
1383 3237 1559 3296 οπερ
1602 3212 1898 3296 μάλιστα
1944 3213 2228 3293 ἐπόθεις
2273 3209 2469 3280 ἆκοῦ-
2489 3229 2564 3284 24

301 3342 455 3401 σαι,
515 3312 650 3396 ὦδε
692 3312 1302 3400 καταγυμνάζομεν·
1361 3314 1827 3393 ἀποδύσαντες
1886 3310 2090 3397 αὐτά,
2149 3312 2242 3394 ῶς
2286 3314 2477 3403 ἔφην,

301 3414 528 3488 ούκέτι
575 3415 810 3486 ἁπαλὰ
851 3419 962 3484 καὶ
995 3419 1221 3483 τέλεον
1253 3415 1623 3503 ἀσυμπαγῆ
1660 3413 1826 3485 ὅντα
1856 3420 2126 3500 πρῶτον
2156 3416 2279 3500 μὲν
2324 3416 2479 3485 ἐθί-

299 3524 437 3604 ζειν
499 3514 815 3605 ἀξιοῦμεν
872 3517 1051 3604 πρὸς
1104 3517 1225 3589 τὸν
1294 3513 1462 3605 ἇέρα
1520 3523 2041 3596 συνοικειοῦντες
2100 3512 2269 3584 αὐτὰ
2328 3531 2480 3597 ταῖς

300 3616 514 3706 ιῗραις
559 3620 892 3703 ἑκάσταις,
940 3617 1031 3699 ὦς
1071 3621 1238 3709 μήτε
1281 3620 1559 3698 θάλπος
1600 3621 2052 3705 δυσχεραίνειν
2094 3611 2262 3709 μήτε
2304 3621 2478 3707 πρὸς

301 3725 502 3811 κρύος
560 3717 1038 3810 ἀπαγορεύειν,
1098 3721 1339 3790 ἔπειτα
1384 3722 1457 3789 δὲ
1506 3727 1781 3805 χρίομεν
1842 3720 2048 3807 ἐλαίῳ
2103 3724 2224 3789 καὶ
2271 3748 2478 3789 κατα-

301 3827 765 3913 μαλάττομεν,
813 3821 903 3903 ὦς
948 3818 1357 3909 εὐτονώτερα
1399 3829 1726 3909 γίγνοιτο·
1775 3816 2036 3890 ἄτοπον
2078 3822 2235 3909 γάρ,
2288 3822 2348 3891 εἰ
2391 3821 2475 3891 τὰ

301 3930 427 4015 μὲν
474 3929 675 4017 σκύτη
723 3927 1079 4012 νομίζομεν
1122 3921 1257 3992 ὖπό
1318 3927 1417 4012 τῷ
1468 3924 1671 4011 ἐλαίῳ
1715 3924 2186 4008 μαλαττόμενα
2232 3925 2482 4010 δυσρα-

301 4036 588 4119 γέστερα
644 4032 758 4097 καὶ
814 4029 1054 4114 πολλῷ
1114 4028 1548 4115 διαρκέστερα
1597 4032 1954 4113 γίγνεσθαι
1998 4026 2191 4113 νεκρά
2233 4050 2308 4110 γε
2348 4020 2474 4112 ἤδη
