2867 4525
1125 341 1505 394 ΑΝΑΧΑΡΣΙΣ.
2327 340 2407 398 53

254 511 494 590 τάτους
539 512 826 579 ἔσεσθαι
869 514 954 600 τῇ
998 510 1219 596 πόλει,
1267 505 1301 578 ὅ
1352 510 1424 575 δὲ
1463 510 1646 589 ξένος
1678 510 1909 578 οὑτοσὶ
1940 550 2024 559 -
2056 509 2278 589 δείξας
2322 515 2415 591 σέ,

257 601 309 677 ὦ
329 606 688 697 Ἀνάχαρσι
712 652 795 662 -
819 613 1086 701 Σκύθης
1108 619 1228 698 μέν
1261 612 1423 694 ἐστι,
1459 613 1675 702 σοφὸς
1705 613 1779 680 δὲ
1809 603 1902 679 ὢν
1931 612 2420 696 μετεπαίδευσέ

159 730 242 779 897
262 738 344 798 με
381 716 495 780 καὶ
557 709 728 779 ἄλλα
769 716 1015 800 βελτίω
1057 708 1434 800 μαθήματα
1478 719 1591 782 καὶ
1649 714 2149 803 επιτηδεύματα
2194 713 2422 781 ἐδιδά-

261 815 448 894 ξατο·
496 807 670 882 ω’στε
702 810 1042 905 εὐεργέτης
1083 812 1267 901 ὑμῶν
1308 814 1344 883 ὅ
1381 812 1545 904 ἀνὴρ
1579 811 2076 905 ἀναγεγράφθω
2106 818 2217 883 καὶ
2258 818 2421 900 χαλ-

258 921 407 983 κοῦν
456 911 658 984 αὐτὸν
705 910 1124 1007 ἀναστήσατε
1169 920 1354 1037 παρὰ
1399 918 1557 998 τοὺς
1588 910 2064 1004 ἐπωνύμους
2023 947 2060 1006 η
2109 918 2177 985 ἐν
2222 919 2423 986 πόλει

257 1017 447 1103 παρὰ
504 1016 623 1106 τὴν
671 1012 990 1106 Αθηνᾶν.
1077 1023 1189 1087 καὶ
1242 1016 1313 1086 εὖ
1372 1021 1533 1088 ι’σθι
1590 1017 1681 1100 ὥς
1746 1015 1863 1088 οὖκ
1918 1020 2330 1103 αἰσχυνεῖται
2382 1016 2420 1106 ἡ

250 1115 639 1209 Ἀθηναίων
669 1120 872 1198 πόλις
915 1120 1104 1206 παρά
1146 1123 1491 1208 βαρβάρου
1520 1126 1631 1190 καὶ
1664 1122 1851 1201 ξένου
1880 1149 1965 1189 τα
1998 1127 2425 1244 συμφέροντα

260 1223 813 1308 ἐκμανθάνοντες.

437 1330 539 1392 18.
565 1330 878 1393 ΑΝΑΧ.
961 1328 1175 1392 Τοῦτο
1222 1324 1497 1393 ἐκεῖνο’
1459 1355 1539 1415 ην
1586 1355 1737 1414 αρα,
1784 1327 1820 1395 ὃ
1862 1327 1989 1414 εγὼ
2034 1327 2195 1410 περὶ
2235 1320 2421 1409 ὑμῶν
2440 1341 2512 1396 18

259 1423 504 1516 ἤκουον
547 1431 683 1493 τῶν
719 1421 1139 1515 Ἀθηναίων,
1198 1425 1292 1506 ὥς
1336 1429 1516 1517 ε’ίητε
1561 1430 1831 1515 εἴρωνες
1884 1428 1952 1495 ἓν
1996 1441 2141 1504 τοῖς
2186 1420 2425 1512 λόγοις.

264 1528 417 1596 επεὶ
477 1528 702 1596 πόθεν
763 1555 844 1595 αν
901 1527 1027 1614 ἐγώ
1087 1555 1297 1613 νομας
1352 1534 1463 1597 καὶ
1518 1532 1780 1652 πλάνης
1838 1525 2243 1612 ανθρωπος,
2312 1521 2420 1615 ἐφ’

262 1626 521 1718 ἁμάξης
570 1625 940 1715 βεβιωκώς,
998 1628 1240 1699 αλλοτε
1286 1627 1490 1720 ὄὲλλην
1532 1637 1651 1721 γῆν
1706 1627 2033 1718 αμείβων,
2094 1629 2298 1697 πόλιν
2356 1630 2429 1695 δὲ

261 1757 417 1799 ουτε
465 1732 741 1819 οἰκήσας
791 1734 1077 1800 πώποτε
1123 1729 1278 1800 ου’τε
1323 1726 1633 1800 άλλοτε’
1605 1762 1645 1821 η
1702 1738 1816 1801 νῦν
1870 1732 2212 1820 ἑωρακώς,
2271 1732 2429 1813 περὶ

261 1836 618 1913 πολιτείας
684 1836 1003 1920 διεξίοιμι
1066 1840 1178 1904 καὶ
1246 1837 1633 1922 διδάσκοιμι
1699 1829 2121 1919 αὐτόχθονας
2186 1830 2432 1919 άνδρας

260 1935 471 2003 πόλιν
528 1936 773 2028 ταύτην
826 1932 1273 2027 ἀρχαιοτάτην
1316 1962 1666 2017 τοσουτοις
1721 1934 1846 2060 ἤδη
1900 1937 2167 2026 χρόνοις
2212 1962 2279 2003 εν
2325 1934 2431 2002 εὖ·

263 2043 472 2126 νομίᾳ
514 2040 1006 2129 κατῳκηκότας,
1052 2044 1160 2108 καὶ
1207 2041 1504 2125 μάλιστα
1549 2046 1657 2124 σε’,
1704 2068 1757 2107 ω
1804 2039 2065 2120 Σόλων,
2112 2033 2168 2125 ᾤ
2212 2042 2430 2119 τοῦτο,

262 2136 359 2217 ὥς
390 2148 623 2228 φασίν,
669 2137 805 2221 εξ’
771 2146 972 2231 αρχῆς
1000 2145 1109 2210 καὶ
1141 2141 1433 2231 μάθημα
1465 2143 1739 2231 ἐγένετο,
1787 2142 2212 2211 ἐπίστασθαι
2243 2134 2435 2219 όπως

155 2232 350 2309 898αν
398 2238 646 2330 ἄριστα
688 2244 892 2323 πόλις
936 2244 1189 2314 οἰκοῖτο
1248 2249 1362 2314 καὶ
1407 2246 1659 2315 οἷστισι
1703 2246 1939 2331 νόμοις
1975 2248 2277 2333 χρωμένη
2326 2268 2434 2309 ευ-

264 2345 733 2475 δαιμονησειε,·
776 2344 955 2434 πλὴν
1001 2340 1171 2415 αλλὰ
1216 2353 1325 2416 καὶ
1359 2359 1556 2417 τοῦτο
1602 2345 1690 2428 ὥς
1735 2353 2072 2435 νομοθέτῃ
2119 2349 2436 2413 πειστέον

262 2471 397 2529 σοι,
442 2452 556 2516 καὶ
604 2442 878 2537 αντεριῦ,
930 2446 1012 2537 ἤν
1055 2457 1124 2518 τί
1167 2477 1286 2535 μοι
1331 2453 1495 2542 δοκῇ
1537 2451 1626 2539 μὴ
1674 2445 1905 2535 ὀρθῶς
1951 2452 2295 2536 λέγεσθαι,
2342 2442 2438 2524 ὥς

259 2550 701 2635 βεβαιότερον
757 2552 1077 2636 μάθοιμι.
1161 2558 1274 2621 καὶ
1323 2554 1470 2620 ἰδοὺ
1525 2552 1653 2640 γὰρ
1695 2541 1819 2639 ηδη
1880 2550 2277 2639 ἐκφυγόντες
2317 2547 2437 2615 τὸν

262 2643 456 2732 ήλιον
501 2676 570 2718 εν
598 2656 698 2740 τῴ
743 2668 1101 2742 συνηρεφεῖ
1131 2654 1345 2739 ἐσμεν,
1391 2659 1502 2722 καὶ
1538 2653 1843 2737 καθέδρα
1871 2652 2057 2735 μάλα
2088 2651 2282 2739 ηδεῖα
2323 2651 2435 2714 καὶ

265 2749 578 2841 εὔκαιρος
629 2754 747 2821 επὶ
806 2759 1067 2877 ψυχροῦ
1112 2761 1232 2823 τοῦ
1290 2760 1514 2824 λίθου.
1607 2757 1753 2840 λέγε
1806 2779 1921 2820 ουν
1964 2752 2083 2819 τὸν
2129 2751 2324 2836 λόγον
2369 2748 2439 2827 ἐξ

264 2848 477 2941 ἀρχῆς
504 2850 668 2922 καθ’
708 2849 750 2922 o'
776 2883 845 2924 τι
873 2856 1030 2935 τούς
1061 2863 1248 2937 νέους
1278 2856 1788 2944 παραλαβόντες
1831 2879 1901 2921 εκ
1929 2853 2199 2921 παίδων
2231 2845 2438 2930 εὗθυς

267 2957 664 3024 διαπονεῖτε
693 2951 875 3026 καὶ“”
835 2983 1026 3037 οπως
1070 2955 1225 3044 ὑμῖν
1258 2984 1524 3042 αριστοι
1572 2955 1807 3044 ανδρες
1847 2952 2338 3040 ἀποβαίνουσιν
2370 2977 2441 3019 εκ

262 3061 393 3125 τοῦ
436 3061 659 3147 πηλοῦ
703 3063 816 3129 καὶ
858 3064 994 3127 τῶν
1040 3054 1440 3150 ἀσκημάτων
1466 3061 1722 3129 τούτων
1751 3061 1862 3127 καὶ
1906 3065 1976 3125 τί
2019 3055 2053 3153 ἡ
2101 3051 2283 3135 κόνις
2325 3058 2439 3124 καὶ

262 3159 353 3226 τά
400 3163 868 3248 κυβιστήματα
910 3165 1213 3231 συντελεῖ
1251 3164 1427 3250 πρὸς
1472 3161 1710 3251 ἀρετὴν
1758 3154 2004 3239 αὐτοῖς.
2072 3162 2268 3225 τοῦτο
2312 3156 2439 3244 γὰρ

263 3260 349 3348 δή
397 3263 699 3348 μάλιστα
743 3265 816 3344 ἐξ
857 3260 1059 3355 ἀρχῆς
1088 3260 1296 3345 εὐθὺς
1335 3261 1639 3334 ἐπόθουν
1670 3258 1989 3331 ἇκοῦσαι·
2032 3259 2119 3327 τὰ
2151 3260 2217 3326 δ’
2269 3255 2441 3325 ἄλλα

263 3364 370 3443 εἷς
413 3364 694 3451 ὕστερον
739 3366 975 3456 διδάξῃ
1019 3393 1105 3452 με
1131 3367 1301 3434 κατὰ
1344 3365 1578 3456 καιρὸν
1609 3367 1885 3434 ἕκαστον
1930 3364 1998 3432 ἐν
2043 3361 2183 3449 [τῷ]
2228 3367 2440 3448 μέρει.

264 3466 529 3536 ἐκείνου
573 3473 825 3552 μέντοι,
872 3455 928 3537 ὦ
972 3469 1204 3537 Σόλων
1216 3520 1234 3550 ,
1296 3468 1592 3558 μέμνησό
1651 3493 1771 3553 μοι
1828 3466 2016 3553 παρὰ
2062 3464 2183 3553 τὴν
2229 3464 2448 3551 ῥῆσιν,

262 3562 386 3637 ὅτι
414 3567 595 3690 πρὸς
626 3566 837 3693 ἄνδρα
863 3571 1206 3656 βάρβαρον
1238 3569 1427 3656 ἐρεῖς,
1463 3572 1630 3657 λέγω
1660 3572 1754 3652 δέ,
1787 3567 1881 3649 ὥς
1907 3566 1999 3656 μὴ
2031 3566 2443 3652 περιπλέκῃς

259 3664 508 3759 μηδὲ’
473 3673 904 3761 απομηκύνῃς
925 3697 1080 3750 τους
1105 3665 1372 3757 λόγους·
1399 3671 1590 3739 δέδια
1610 3669 1735 3758 γὰρ
1759 3670 1850 3759 μὴ
1876 3667 2444 3752 επιλανθάνωμαι

261 3777 410 3841 τῶν
456 3773 770 3860 πρώτων,
815 3765 897 3862 ἢν
940 3773 1022 3842 τὰ
1067 3771 1239 3859 μετὰ
1283 3775 1497 3841 ταῦτα
1541 3770 1763 3840 πολλὰ
1810 3771 2106 3894 ἐπιρρέῃ.

453 3882 553 3944 19.
586 3878 806 3942 ΣΟΛ.
866 3875 959 3942 Σὺ
998 3879 1218 3957 τοῦτο,
1264 3859 1722 3998 ωἈναχαρσι,
1767 3872 2093 3962 ταμιεύσῃ
2143 3897 2436 3957 αμεινον,
2457 3891 2531 3946 19

262 3979 451 4046 ε’νθα
495 3972 580 4044 άν
626 3999 738 4044 σοι
784 3977 947 4066 δοκῇ
975 3977 1063 4064 μὴ
1113 3977 1291 4044 πάνυ
1321 3975 1545 4067 σαφὴς
1589 3972 1624 4043 ὃ
1675 3975 1869 4063 λόγος
1914 3963 2159 4044 εἶναι’
2132 4000 2171 4060 η
2204 3973 2442 4057 πορρω

262 4110 407 4153 ποι
435 4075 989 4158 ἀποπλανᾶσθαι
1036 4078 1179 4165 εἰκῆ
1211 4079 1408 4166 ῥέων·
1457 4077 1655 4168 ἐρήσῃ
1702 4076 1829 4164 γὰρ
1873 4074 2118 4162 μεταξὺ
2166 4102 2202 4141 ο
2249 4100 2317 4141 τι
2363 4069 2443 4138 ι’ίν
