<?xml version="1.0" encoding="UTF-8"?>
<!DOCTYPE html PUBLIC "-//W3C//DTD XHTML 1.0 Transitional//EN"
    "http://www.w3.org/TR/xhtml1/DTD/xhtml1-transitional.dtd">
<html xmlns="http://www.w3.org/1999/xhtml" xml:lang="en" lang="en">
 <head>
  <title>
</title>
<meta http-equiv="Content-Type" content="text/html;charset=utf-8" />
  <meta name='ocr-system' content='tesseract 3.04.00' />
  <meta name='ocr-capabilities' content='ocr_page ocr_carea ocr_par ocr_line ocrx_word'/>
</head>
<body>
  <div class='ocr_page' id='page_1' title='image "./lucianus02sommgoog/lucianus02sommgoog_0296.png"; bbox 0 0 2867 4525; ppageno 0'>
   <div class='ocr_carea' id='block_1_1' title="bbox 491 298 1909 358">
    <p class='ocr_par' dir='ltr' id='par_1_1' title="bbox 491 298 1909 358">
     <span class='ocr_line' id='line_1_1' title="bbox 491 298 1909 358; baseline -0.004 0"><span class='ocrx_word' id='word_1_1' title='bbox 491 298 618 358; x_wconf 82' lang='lat'><strong><em>278</em></strong></span> <span class='ocrx_word' id='word_1_2' title='bbox 1222 299 1603 353; x_wconf 62' lang='lat' dir='ltr'><strong><em>Annorum</em></strong></span> <span class='ocrx_word' id='word_1_3' title='bbox 1640 299 1909 353; x_wconf 78' lang='lat' dir='ltr'><strong>cm‘rch.</strong></span> 
     </span>
    </p>
   </div>
   <div class='ocr_carea' id='block_1_2' title="bbox 480 470 2656 2391">
    <p class='ocr_par' dir='ltr' id='par_1_2' title="bbox 487 470 2652 660">
     <span class='ocr_line' id='line_1_2' title="bbox 487 470 2652 557; baseline 0.001 -22"><span class='ocrx_word' id='word_1_4' title='bbox 487 492 537 537; x_wconf 77' lang='lat' dir='ltr'><strong><em>e.</em></strong></span> <span class='ocrx_word' id='word_1_5' title='bbox 611 479 669 534; x_wconf 89' lang='grc'><strong><em>4.</em></strong></span> <span class='ocrx_word' id='word_1_6' title='bbox 701 470 817 553; x_wconf 75' lang='grc' dir='ltr'><strong><em>τὴν</em></strong></span> <span class='ocrx_word' id='word_1_7' title='bbox 864 470 1164 555; x_wconf 83' lang='grc' dir='ltr'><strong><em>φρουρὰν</em></strong></span> <span class='ocrx_word' id='word_1_8' title='bbox 1210 476 1742 557; x_wconf 80' lang='grc' dir='ltr'><strong><em>ἐπιτετραμμένος</em></strong></span> <span class='ocrx_word' id='word_1_9' title='bbox 1789 473 1880 535; x_wconf 79' lang='lat' dir='ltr'><strong><em>Of.</em></strong></span> <span class='ocrx_word' id='word_1_10' title='bbox 1927 475 2164 535; x_wconf 79' lang='lat' dir='ltr'><strong>Patriae</strong></span> <span class='ocrx_word' id='word_1_11' title='bbox 2209 492 2339 534; x_wconf 83' lang='lat' dir='ltr'><strong>ene.</strong></span> <span class='ocrx_word' id='word_1_12' title='bbox 2387 492 2435 539; x_wconf 86' lang='lat' dir='ltr'><strong><em>e.</em></strong></span> <span class='ocrx_word' id='word_1_13' title='bbox 2481 477 2558 534; x_wconf 88' lang='lat'><strong><em>12</em></strong></span> <span class='ocrx_word' id='word_1_14' title='bbox 2593 477 2652 539; x_wconf 75' lang='grc' dir='ltr'><strong><em>οὶ</em></strong></span> 
     </span>
     <span class='ocr_line' id='line_1_3' title="bbox 700 574 1746 660; baseline 0 -21"><span class='ocrx_word' id='word_1_15' title='bbox 700 574 1147 653; x_wconf 82' lang='grc' dir='ltr'><strong><em>πιστευόμενοι</em></strong></span> <span class='ocrx_word' id='word_1_16' title='bbox 1190 575 1302 656; x_wconf 84' lang='grc' dir='ltr'><strong><em>τὰς</em></strong></span> <span class='ocrx_word' id='word_1_17' title='bbox 1349 581 1746 660; x_wconf 80' lang='grc' dir='ltr'><strong><em>στρατηγίας.</em></strong></span> 
     </span>
    </p>

    <p class='ocr_par' dir='ltr' id='par_1_3' title="bbox 485 675 2656 845">
     <span class='ocr_line' id='line_1_4' title="bbox 485 675 2656 762; baseline 0.001 -24"><span class='ocrx_word' id='word_1_18' title='bbox 485 696 539 739; x_wconf 84' lang='lat' dir='ltr'><strong><em>e.</em></strong></span> <span class='ocrx_word' id='word_1_19' title='bbox 610 683 667 739; x_wconf 87' lang='lat'><strong><em>5.</em></strong></span> <span class='ocrx_word' id='word_1_20' title='bbox 698 675 907 742; x_wconf 86' lang='grc' dir='ltr'><strong><em>ποτὸν</em></strong></span> <span class='ocrx_word' id='word_1_21' title='bbox 947 675 1197 762; x_wconf 84' lang='grc' dir='ltr'><strong><em>μνήμης</em></strong></span> <span class='ocrx_word' id='word_1_22' title='bbox 1240 683 1555 756; x_wconf 80' lang='grc' dir='ltr'><strong><em>πολέμιον</em></strong></span> <span class='ocrx_word' id='word_1_23' title='bbox 1597 681 1700 740; x_wconf 80' lang='lat' dir='ltr'><strong><em>vix</em></strong></span> <span class='ocrx_word' id='word_1_24' title='bbox 1742 679 1981 740; x_wconf 84' lang='lat' dir='ltr'><strong>dubium</strong></span> <span class='ocrx_word' id='word_1_25' title='bbox 2026 680 2166 754; x_wconf 89' lang='lat' dir='ltr'><strong>quin</strong></span> <span class='ocrx_word' id='word_1_26' title='bbox 2209 679 2323 740; x_wconf 86' lang='lat' dir='ltr'><strong><em>hoe</em></strong></span> <span class='ocrx_word' id='word_1_27' title='bbox 2367 681 2447 740; x_wconf 86' lang='lat' dir='ltr'><strong><em>sit</em></strong></span> <span class='ocrx_word' id='word_1_28' title='bbox 2480 679 2656 740; x_wconf 82' lang='lat' dir='ltr'><strong>seho-</strong></span> 
     </span>
     <span class='ocr_line' id='line_1_5' title="bbox 697 782 1430 845; baseline 0.007 -5"><span class='ocrx_word' id='word_1_29' title='bbox 697 782 909 841; x_wconf 82' lang='lat' dir='ltr'><strong>liastae</strong></span> <span class='ocrx_word' id='word_1_30' title='bbox 953 783 1430 845; x_wconf 81' lang='lat' dir='ltr'><strong>additamentum.</strong></span> 
     </span>
    </p>

    <p class='ocr_par' dir='ltr' id='par_1_4' title="bbox 484 876 2653 1073">
     <span class='ocr_line' id='line_1_6' title="bbox 484 876 2653 965; baseline 0 -22"><span class='ocrx_word' id='word_1_31' title='bbox 484 900 536 942; x_wconf 83' lang='lat' dir='ltr'><strong><em>e.</em></strong></span> <span class='ocrx_word' id='word_1_32' title='bbox 607 885 667 945; x_wconf 88' lang='grc'><strong><em>8.</em></strong></span> <span class='ocrx_word' id='word_1_33' title='bbox 696 888 759 946; x_wconf 86' lang='grc' dir='ltr'><strong><em>τί</em></strong></span> <span class='ocrx_word' id='word_1_34' title='bbox 801 891 1023 947; x_wconf 87' lang='grc' dir='ltr'><strong><em>κακῶν</em></strong></span> <span class='ocrx_word' id='word_1_35' title='bbox 1069 882 1152 949; x_wconf 82' lang='grc' dir='ltr'><strong><em>ου’</em></strong></span> <span class='ocrx_word' id='word_1_36' title='bbox 1195 880 1556 963; x_wconf 79' lang='grc' dir='ltr'><strong><em>πάσχουσιν</em></strong></span> <span class='ocrx_word' id='word_1_37' title='bbox 1596 879 1620 965; x_wconf 83' lang='grc' dir='ltr'><strong><em>ΙΙ</em></strong></span> <span class='ocrx_word' id='word_1_38' title='bbox 1658 888 1722 946; x_wconf 80' lang='grc' dir='ltr'><strong><em>τί</em></strong></span> <span class='ocrx_word' id='word_1_39' title='bbox 1763 889 1924 946; x_wconf 89' lang='grc' dir='ltr'><strong><em>τῶν</em></strong></span> <span class='ocrx_word' id='word_1_40' title='bbox 1968 889 2192 945; x_wconf 82' lang='grc' dir='ltr'><strong><em>κακῶν</em></strong></span> <span class='ocrx_word' id='word_1_41' title='bbox 2235 876 2304 942; x_wconf 90' lang='grc' dir='ltr'><strong>Ω</strong></span> <span class='ocrx_word' id='word_1_42' title='bbox 2351 917 2436 927; x_wconf 92' lang='grc'><strong>-</strong></span> <span class='ocrx_word' id='word_1_43' title='bbox 2481 893 2653 962; x_wconf 82' lang='grc' dir='ltr'><strong><em>συμ-</em></strong></span> 
     </span>
     <span class='ocr_line' id='line_1_7' title="bbox 694 979 2051 1073; baseline -0.001 -27"><span class='ocrx_word' id='word_1_44' title='bbox 694 982 1201 1071; x_wconf 79' lang='grc' dir='ltr'><strong><em>περιφερόμενοι</em></strong></span> <span class='ocrx_word' id='word_1_45' title='bbox 1243 982 1265 1068; x_wconf 94' lang='grc' dir='ltr'>Ι</span> <span class='ocrx_word' id='word_1_46' title='bbox 1307 980 1816 1073; x_wconf 83' lang='grc' dir='ltr'><strong><em>περιφερόμενοι</em></strong></span> <span class='ocrx_word' id='word_1_47' title='bbox 1846 979 2051 1048; x_wconf 85' lang='grc' dir='ltr'><strong><em>ΑΩΨ</em></strong></span> 
     </span>
    </p>

    <p class='ocr_par' dir='ltr' id='par_1_5' title="bbox 488 1081 2262 1174">
     <span class='ocr_line' id='line_1_8' title="bbox 488 1081 2262 1174; baseline 0 -28"><span class='ocrx_word' id='word_1_48' title='bbox 488 1110 532 1150; x_wconf 67' lang='lat' dir='ltr'><strong><em>cs..</em></strong></span> <span class='ocrx_word' id='word_1_49' title='bbox 612 1094 666 1147; x_wconf 70' lang='lat' dir='ltr'><strong><em>H.</em></strong></span> <span class='ocrx_word' id='word_1_50' title='bbox 696 1100 836 1164; x_wconf 84' lang='grc' dir='ltr'><strong><em>ταῖς</em></strong></span> <span class='ocrx_word' id='word_1_51' title='bbox 880 1087 1068 1169; x_wconf 79' lang='grc' dir='ltr'><strong><em>παρ’</em></strong></span> <span class='ocrx_word' id='word_1_52' title='bbox 1114 1087 1337 1174; x_wconf 77' lang='grc' dir='ltr'><strong><em>ἡμῶν</em></strong></span> <span class='ocrx_word' id='word_1_53' title='bbox 1377 1102 1563 1170; x_wconf 83' lang='grc' dir='ltr'><strong><em>χοαῖς</em></strong></span> <span class='ocrx_word' id='word_1_54' title='bbox 1595 1083 1620 1171; x_wconf 88' lang='grc' dir='ltr'>Ι</span> <span class='ocrx_word' id='word_1_55' title='bbox 1650 1084 1815 1169; x_wconf 81' lang='grc' dir='ltr'><strong><em>παρ’</em></strong></span> <span class='ocrx_word' id='word_1_56' title='bbox 1857 1083 2009 1168; x_wconf 78' lang='grc' dir='ltr'><strong><em>ἡμῖν</em></strong></span> <span class='ocrx_word' id='word_1_57' title='bbox 2054 1081 2262 1149; x_wconf 82' lang='grc' dir='ltr'><strong><em>ΑΩΨ</em></strong></span> 
     </span>
    </p>

    <p class='ocr_par' dir='ltr' id='par_1_6' title="bbox 488 1185 2652 1358">
     <span class='ocr_line' id='line_1_9' title="bbox 488 1185 2652 1270; baseline -0 -20"><span class='ocrx_word' id='word_1_58' title='bbox 488 1210 536 1250; x_wconf 59' lang='grc' dir='ltr'><strong><em>ιε.</em></strong></span> <span class='ocrx_word' id='word_1_59' title='bbox 576 1194 664 1253; x_wconf 81' lang='lat'><strong><em>13.</em></strong></span> <span class='ocrx_word' id='word_1_60' title='bbox 697 1196 1205 1270; x_wconf 84' lang='grc' dir='ltr'><strong><em>παρατείνων</em></strong></span> <span class='ocrx_word' id='word_1_61' title='bbox 1250 1187 1526 1256; x_wconf 74' lang='grc' dir='ltr'><strong><em>ἕκαστον</em></strong></span> <span class='ocrx_word' id='word_1_62' title='bbox 1570 1197 1705 1255; x_wconf 69' lang='grc' dir='ltr'><strong><em>τᾶν</em></strong></span> <span class='ocrx_word' id='word_1_63' title='bbox 1750 1185 2099 1265; x_wconf 83' lang='grc' dir='ltr'><strong><em>ὀνομάτων</em></strong></span> <span class='ocrx_word' id='word_1_64' title='bbox 2132 1185 2155 1270; x_wconf 85' lang='grc' dir='ltr'><strong><em>ΙΙ</em></strong></span> <span class='ocrx_word' id='word_1_65' title='bbox 2190 1208 2305 1267; x_wconf 89' lang='lat' dir='ltr'><strong><em>quo</em></strong></span> <span class='ocrx_word' id='word_1_66' title='bbox 2343 1189 2652 1266; x_wconf 83' lang='lat' dir='ltr'>lugubrior</span> 
     </span>
     <span class='ocr_line' id='line_1_10' title="bbox 693 1291 973 1358; baseline 0.014 -6"><span class='ocrx_word' id='word_1_67' title='bbox 693 1291 795 1352; x_wconf 82' lang='lat' dir='ltr'><strong><em>fiat</em></strong></span> <span class='ocrx_word' id='word_1_68' title='bbox 837 1311 973 1358; x_wconf 81' lang='lat' dir='ltr'><strong>vox.</strong></span> 
     </span>
    </p>

    <p class='ocr_par' dir='ltr' id='par_1_7' title="bbox 488 1382 2645 1580">
     <span class='ocr_line' id='line_1_11' title="bbox 488 1382 2645 1477; baseline 0.002 -25"><span class='ocrx_word' id='word_1_69' title='bbox 488 1414 536 1454; x_wconf 61' lang='grc' dir='ltr'><strong><em>ιτς,</em></strong></span> <span class='ocrx_word' id='word_1_70' title='bbox 572 1402 660 1454; x_wconf 76' lang='grc'><strong><em>16.</em></strong></span> <span class='ocrx_word' id='word_1_71' title='bbox 689 1386 737 1474; x_wconf 80' lang='grc' dir='ltr'><strong>ἢ</strong></span> <span class='ocrx_word' id='word_1_72' title='bbox 766 1391 927 1460; x_wconf 89' lang='grc' dir='ltr'><strong><em>διότι</em></strong></span> <span class='ocrx_word' id='word_1_73' title='bbox 956 1391 1041 1477; x_wconf 86' lang='grc' dir='ltr'><strong><em>μὴ</em></strong></span> <span class='ocrx_word' id='word_1_74' title='bbox 1068 1400 1400 1465; x_wconf 83' lang='grc' dir='ltr'><strong><em>τοιουτοσὶ</em></strong></span> <span class='ocrx_word' id='word_1_75' title='bbox 1431 1397 1641 1476; x_wconf 80' lang='grc' dir='ltr'><strong><em>γέρων</em></strong></span> <span class='ocrx_word' id='word_1_76' title='bbox 1664 1399 1715 1458; x_wconf 93' lang='grc' dir='ltr'><strong><em>δ.</em></strong></span> <span class='ocrx_word' id='word_1_77' title='bbox 1743 1389 2020 1474; x_wconf 80' lang='grc' dir='ltr'><strong><em>γενόμην</em></strong></span> <span class='ocrx_word' id='word_1_78' title='bbox 2053 1389 2076 1475; x_wconf 73' lang='lat' dir='ltr'>fl</span> <span class='ocrx_word' id='word_1_79' title='bbox 2107 1382 2154 1475; x_wconf 84' lang='grc' dir='ltr'><strong>ἧ</strong></span> <span class='ocrx_word' id='word_1_80' title='bbox 2171 1392 2311 1453; x_wconf 79' lang='lat' dir='ltr'><strong>Ddf·</strong></span> <span class='ocrx_word' id='word_1_81' title='bbox 2338 1392 2452 1453; x_wconf 85' lang='lat' dir='ltr'><strong><em>Bk.</em></strong></span> <span class='ocrx_word' id='word_1_82' title='bbox 2477 1392 2645 1454; x_wconf 80' lang='lat' dir='ltr'><strong><em>det.</em></strong></span> 
     </span>
     <span class='ocr_line' id='line_1_12' title="bbox 694 1493 1878 1580; baseline 0.002 -21"><span class='ocrx_word' id='word_1_83' title='bbox 694 1531 778 1541; x_wconf 94' lang='lat'><strong>—</strong></span> <span class='ocrx_word' id='word_1_84' title='bbox 821 1494 899 1560; x_wconf 87' lang='grc' dir='ltr'><strong><em>τὸ</em></strong></span> <span class='ocrx_word' id='word_1_85' title='bbox 941 1495 1025 1578; x_wconf 86' lang='grc' dir='ltr'><strong><em>μὴ</em></strong></span> <span class='ocrx_word' id='word_1_86' title='bbox 1073 1499 1360 1579; x_wconf 83' lang='grc' dir='ltr'><strong><em>ῥιγοῦν</em></strong></span> <span class='ocrx_word' id='word_1_87' title='bbox 1392 1493 1416 1580; x_wconf 85' lang='grc' dir='ltr'><strong><em>ΙΙ</em></strong></span> <span class='ocrx_word' id='word_1_88' title='bbox 1450 1497 1697 1579; x_wconf 78' lang='grc' dir='ltr'><strong><em>ῥιγῶν</em></strong></span> <span class='ocrx_word' id='word_1_89' title='bbox 1743 1497 1878 1561; x_wconf 87' lang='lat' dir='ltr'><strong>Cob.</strong></span> 
     </span>
    </p>

    <p class='ocr_par' dir='ltr' id='par_1_8' title="bbox 484 1590 2647 2088">
     <span class='ocr_line' id='line_1_13' title="bbox 484 1590 2645 1681; baseline 0 -23"><span class='ocrx_word' id='word_1_90' title='bbox 484 1618 532 1658; x_wconf 60' lang='grc' dir='ltr'><strong><em>τι,</em></strong></span> <span class='ocrx_word' id='word_1_91' title='bbox 572 1602 660 1658; x_wconf 75' lang='lat' dir='ltr'><strong><em>[S.</em></strong></span> <span class='ocrx_word' id='word_1_92' title='bbox 693 1596 862 1663; x_wconf 82' lang='grc' dir='ltr'><strong><em>πολὺ</em></strong></span> <span class='ocrx_word' id='word_1_93' title='bbox 913 1598 1305 1681; x_wconf 75' lang='grc' dir='ltr'><strong><em>ἀληθέστερα</em></strong></span> <span class='ocrx_word' id='word_1_94' title='bbox 1360 1605 1469 1663; x_wconf 85' lang='grc' dir='ltr'><strong><em>καὶ</em></strong></span> <span class='ocrx_word' id='word_1_95' title='bbox 1523 1595 2002 1679; x_wconf 78' lang='grc' dir='ltr'><strong><em>γελοιότερα</em></strong></span> <span class='ocrx_word' id='word_1_96' title='bbox 2046 1592 2070 1679; x_wconf 82' lang='grc' dir='ltr'><strong><em>ΙΙ</em></strong></span> <span class='ocrx_word' id='word_1_97' title='bbox 2112 1590 2645 1678; x_wconf 87' lang='grc' dir='ltr'><strong><em>γενναιότερα</em></strong></span> 
     </span>
     <span class='ocr_line' id='line_1_14' title="bbox 689 1695 2643 1785; baseline -0.002 -24"><span class='ocrx_word' id='word_1_98' title='bbox 689 1698 848 1766; x_wconf 83' lang='lat' dir='ltr'><strong><em>det.</em></strong></span> <span class='ocrx_word' id='word_1_99' title='bbox 899 1737 984 1747; x_wconf 91' lang='lat'>—</span> <span class='ocrx_word' id='word_1_100' title='bbox 1027 1695 1190 1766; x_wconf 82' lang='grc' dir='ltr'><strong><em>κάτα</em></strong></span> <span class='ocrx_word' id='word_1_101' title='bbox 1236 1705 1440 1778; x_wconf 80' lang='grc' dir='ltr'><strong><em>δέδιας</em></strong></span> <span class='ocrx_word' id='word_1_102' title='bbox 1471 1751 1484 1766; x_wconf 93' lang='grc'><strong>.</strong></span> <span class='ocrx_word' id='word_1_103' title='bbox 1522 1752 1535 1766; x_wconf 92' lang='grc'><strong>.</strong></span> <span class='ocrx_word' id='word_1_104' title='bbox 1571 1752 1584 1766; x_wconf 93' lang='grc'><strong>.</strong></span> <span class='ocrx_word' id='word_1_105' title='bbox 1624 1702 1693 1764; x_wconf 77' lang='grc' dir='ltr'><strong><em>ἐν</em></strong></span> <span class='ocrx_word' id='word_1_106' title='bbox 1737 1706 1833 1785; x_wconf 82' lang='grc' dir='ltr'><strong><em>τῷ</em></strong></span> <span class='ocrx_word' id='word_1_107' title='bbox 1872 1695 2151 1780; x_wconf 87' lang='grc' dir='ltr'><strong><em>μνήματι</em></strong></span> <span class='ocrx_word' id='word_1_108' title='bbox 2184 1695 2208 1781; x_wconf 72' lang='lat' dir='ltr'><strong>fl</strong></span> <span class='ocrx_word' id='word_1_109' title='bbox 2239 1698 2643 1760; x_wconf 83' lang='lat' dir='ltr'><strong>delendum</strong></span> 
     </span>
     <span class='ocr_line' id='line_1_15' title="bbox 690 1803 2647 1881; baseline 0.001 -18"><span class='ocrx_word' id='word_1_110' title='bbox 690 1803 1021 1865; x_wconf 77' lang='lat' dir='ltr'>hocloco</span> <span class='ocrx_word' id='word_1_111' title='bbox 1054 1808 1123 1865; x_wconf 88' lang='lat' dir='ltr'><strong><em>et</em></strong></span> <span class='ocrx_word' id='word_1_112' title='bbox 1153 1803 1761 1866; x_wconf 84' lang='lat' dir='ltr'><strong>transferendum</strong></span> <span class='ocrx_word' id='word_1_113' title='bbox 1790 1806 1863 1863; x_wconf 88' lang='lat' dir='ltr'><strong><em>in</em></strong></span> <span class='ocrx_word' id='word_1_114' title='bbox 1894 1821 1942 1868; x_wconf 86' lang='lat' dir='ltr'><strong><em>e.</em></strong></span> <span class='ocrx_word' id='word_1_115' title='bbox 1985 1807 2081 1863; x_wconf 84' lang='grc'><strong><em>19.</em></strong></span> <span class='ocrx_word' id='word_1_116' title='bbox 2114 1807 2288 1881; x_wconf 89' lang='lat' dir='ltr'><strong>post</strong></span> <span class='ocrx_word' id='word_1_117' title='bbox 2317 1803 2647 1880; x_wconf 79' lang='grc' dir='ltr'><strong><em>ἐστεφα-</em></strong></span> 
     </span>
     <span class='ocr_line' id='line_1_16' title="bbox 691 1900 2644 1984; baseline -0.002 -15"><span class='ocrx_word' id='word_1_118' title='bbox 691 1900 1048 1983; x_wconf 82' lang='grc' dir='ltr'><strong><em>να’μενος</em></strong></span> <span class='ocrx_word' id='word_1_119' title='bbox 1105 1913 1343 1969; x_wconf 78' lang='lat' dir='ltr'><strong>auctore</strong></span> <span class='ocrx_word' id='word_1_120' title='bbox 1386 1909 1453 1968; x_wconf 93' lang='grc' dir='ltr'><strong><em>Ο.</em></strong></span> <span class='ocrx_word' id='word_1_121' title='bbox 1485 1907 1525 1967; x_wconf 89' lang='lat' dir='ltr'>S</span> <span class='ocrx_word' id='word_1_122' title='bbox 1555 1926 1596 1984; x_wconf 89' lang='lat' dir='ltr'><strong>p</strong></span> <span class='ocrx_word' id='word_1_123' title='bbox 1622 1907 1767 1967; x_wconf 83' lang='lat' dir='ltr'><strong><em>ath</em></strong></span> <span class='ocrx_word' id='word_1_124' title='bbox 1812 1907 2102 1966; x_wconf 80' lang='lat' dir='ltr'><strong>Analecta</strong></span> <span class='ocrx_word' id='word_1_125' title='bbox 2147 1907 2350 1965; x_wconf 80' lang='lat' dir='ltr'><strong>eritiea</strong></span> <span class='ocrx_word' id='word_1_126' title='bbox 2400 1905 2479 1965; x_wconf 82' lang='lat' dir='ltr'><strong><em>ad</em></strong></span> <span class='ocrx_word' id='word_1_127' title='bbox 2521 1905 2644 1966; x_wconf 89' lang='lat' dir='ltr'><strong><em>Lu-</em></strong></span> 
     </span>
     <span class='ocr_line' id='line_1_17' title="bbox 691 2010 1467 2088; baseline 0.005 -19"><span class='ocrx_word' id='word_1_128' title='bbox 691 2010 921 2069; x_wconf 81' lang='lat' dir='ltr'><strong>eianum</strong></span> <span class='ocrx_word' id='word_1_129' title='bbox 964 2010 1237 2088; x_wconf 86' lang='lat' dir='ltr'><strong>Freising</strong></span> <span class='ocrx_word' id='word_1_130' title='bbox 1293 2015 1467 2075; x_wconf 86' lang='grc'><strong>1896.</strong></span> 
     </span>
    </p>

    <p class='ocr_par' dir='ltr' id='par_1_9' title="bbox 480 2105 2643 2194">
     <span class='ocr_line' id='line_1_18' title="bbox 480 2105 2643 2194; baseline 0.002 -28"><span class='ocrx_word' id='word_1_131' title='bbox 480 2130 528 2166; x_wconf 70' lang='lat' dir='ltr'><strong><em>n.</em></strong></span> <span class='ocrx_word' id='word_1_132' title='bbox 568 2114 655 2170; x_wconf 72' lang='grc' dir='ltr'><strong><em>[ΕΙ.</em></strong></span> <span class='ocrx_word' id='word_1_133' title='bbox 689 2111 751 2187; x_wconf 79' lang='grc' dir='ltr'><strong><em>ἐς</em></strong></span> <span class='ocrx_word' id='word_1_134' title='bbox 786 2107 970 2192; x_wconf 77' lang='grc' dir='ltr'><strong><em>ἡμῶν</em></strong></span> <span class='ocrx_word' id='word_1_135' title='bbox 1002 2107 1026 2194; x_wconf 80' lang='grc' dir='ltr'><strong><em>ΙΙ</em></strong></span> <span class='ocrx_word' id='word_1_136' title='bbox 1058 2109 1222 2192; x_wconf 87' lang='grc' dir='ltr'><strong><em>πρὸς</em></strong></span> <span class='ocrx_word' id='word_1_137' title='bbox 1249 2109 1413 2194; x_wconf 79' lang='grc' dir='ltr'><strong><em>ἡμᾶς</em></strong></span> <span class='ocrx_word' id='word_1_138' title='bbox 1443 2107 1650 2175; x_wconf 86' lang='grc' dir='ltr'><strong><em>ΑΩΨ</em></strong></span> <span class='ocrx_word' id='word_1_139' title='bbox 1677 2110 1819 2171; x_wconf 83' lang='lat' dir='ltr'><strong>Ddf.</strong></span> <span class='ocrx_word' id='word_1_140' title='bbox 1856 2144 1936 2156; x_wconf 92' lang='lat'><strong>—</strong></span> <span class='ocrx_word' id='word_1_141' title='bbox 1967 2108 2211 2190; x_wconf 85' lang='grc' dir='ltr'><strong><em>ὀνῆσαν</em></strong></span> <span class='ocrx_word' id='word_1_142' title='bbox 2243 2108 2266 2191; x_wconf 77' lang='lat' dir='ltr'>fl</span> <span class='ocrx_word' id='word_1_143' title='bbox 2299 2106 2538 2191; x_wconf 83' lang='grc' dir='ltr'><strong><em>ὀνήσας</em></strong></span> <span class='ocrx_word' id='word_1_144' title='bbox 2572 2105 2643 2171; x_wconf 87' lang='grc' dir='ltr'><strong>Ω</strong></span> 
     </span>
    </p>

    <p class='ocr_par' dir='ltr' id='par_1_10' title="bbox 480 2209 2642 2391">
     <span class='ocr_line' id='line_1_19' title="bbox 480 2209 2642 2297; baseline 0.002 -24"><span class='ocrx_word' id='word_1_145' title='bbox 480 2234 528 2270; x_wconf 72' lang='lat' dir='ltr'><strong><em>e.</em></strong></span> <span class='ocrx_word' id='word_1_146' title='bbox 560 2218 655 2273; x_wconf 68' lang='grc'><strong><em>211.</em></strong></span> <span class='ocrx_word' id='word_1_147' title='bbox 688 2210 834 2278; x_wconf 68' lang='grc' dir='ltr'><strong><em>οὐκ</em></strong></span> <span class='ocrx_word' id='word_1_148' title='bbox 878 2210 971 2278; x_wconf 77' lang='grc' dir='ltr'><strong><em>ἂν</em></strong></span> <span class='ocrx_word' id='word_1_149' title='bbox 1018 2210 1376 2292; x_wconf 75' lang='grc' dir='ltr'><strong><em>οἰώμεθα</em></strong></span> <span class='ocrx_word' id='word_1_150' title='bbox 1430 2209 1800 2281; x_wconf 89' lang='grc' dir='ltr'><strong><em>δικαιότατα</em></strong></span> <span class='ocrx_word' id='word_1_151' title='bbox 1846 2254 1863 2275; x_wconf 94' lang='grc'><strong>.</strong></span> <span class='ocrx_word' id='word_1_152' title='bbox 1911 2256 1927 2276; x_wconf 91' lang='grc'><strong>.</strong></span> <span class='ocrx_word' id='word_1_153' title='bbox 1973 2210 2056 2278; x_wconf 81' lang='grc' dir='ltr'><strong><em>ἂν</em></strong></span> <span class='ocrx_word' id='word_1_154' title='bbox 2113 2210 2318 2278; x_wconf 66' lang='grc' dir='ltr'><strong><em>αὐτὸν</em></strong></span> <span class='ocrx_word' id='word_1_155' title='bbox 2376 2216 2578 2295; x_wconf 64' lang='grc' dir='ltr'><strong><em>εἰπεῖν</em></strong></span> <span class='ocrx_word' id='word_1_156' title='bbox 2623 2210 2642 2297; x_wconf 83' lang='grc' dir='ltr'><strong><em>ΙΙ</em></strong></span> 
     </span>
     <span class='ocr_line' id='line_1_20' title="bbox 691 2312 1426 2391; baseline -0.003 -12"><span class='ocrx_word' id='word_1_157' title='bbox 691 2312 1014 2391; x_wconf 76' lang='grc' dir='ltr'><strong><em>οἰόμεθα</em></strong></span> <span class='ocrx_word' id='word_1_158' title='bbox 1059 2336 1167 2382; x_wconf 89' lang='lat' dir='ltr'><strong><em>om.</em></strong></span> <span class='ocrx_word' id='word_1_159' title='bbox 1219 2315 1301 2381; x_wconf 80' lang='grc' dir='ltr'><strong><em>ἂν</em></strong></span> <span class='ocrx_word' id='word_1_160' title='bbox 1351 2315 1426 2377; x_wconf 82' lang='grc' dir='ltr'>Ψ</span> 
     </span>
    </p>
   </div>
   <div class='ocr_carea' id='block_1_3' title="bbox 1348 2540 1758 2549">
    <p class='ocr_par' dir='ltr' id='par_1_11' title="bbox 1348 2540 1758 2549">
     <span class='ocr_line' id='line_1_21' title="bbox 1348 2540 1758 2549; baseline 0 -1"><span class='ocrx_word' id='word_1_161' title='bbox 1348 2540 1758 2549; x_wconf 72' lang='lat'>——————-———-</span> 
     </span>
    </p>
   </div>
   <div class='ocr_carea' id='block_1_4' title="bbox 787 2756 2323 2826">
    <p class='ocr_par' dir='ltr' id='par_1_12' title="bbox 787 2756 2323 2826">
     <span class='ocr_line' id='line_1_22' title="bbox 787 2756 2323 2826; baseline 0.002 -4"><span class='ocrx_word' id='word_1_162' title='bbox 787 2756 1151 2824; x_wconf 82' lang='lat' dir='ltr'>LUGIANI</span> <span class='ocrx_word' id='word_1_163' title='bbox 1199 2758 1684 2826; x_wconf 82' lang='lat' dir='ltr'><strong>RHETORUM</strong></span> <span class='ocrx_word' id='word_1_164' title='bbox 1728 2757 2323 2825; x_wconf 81' lang='lat' dir='ltr'><strong>PRAECEPTOR.</strong></span> 
     </span>
    </p>
   </div>
   <div class='ocr_carea' id='block_1_5' title="bbox 482 2893 2638 3062">
    <p class='ocr_par' dir='ltr' id='par_1_13' title="bbox 482 2893 2638 3062">
     <span class='ocr_line' id='line_1_23' title="bbox 482 2893 2638 2961; baseline 0 -6"><span class='ocrx_word' id='word_1_165' title='bbox 482 2895 612 2955; x_wconf 53' lang='lat' dir='ltr'><strong>[nsi.</strong></span> <span class='ocrx_word' id='word_1_166' title='bbox 648 2894 805 2956; x_wconf 83' lang='lat' dir='ltr'><em>Gorl.</em></span> <span class='ocrx_word' id='word_1_167' title='bbox 836 2923 921 2947; x_wconf 88' lang='lat'><strong>=</strong></span> <span class='ocrx_word' id='word_1_168' title='bbox 949 2897 1006 2959; x_wconf 90' lang='lat' dir='ltr'>A</span> <span class='ocrx_word' id='word_1_169' title='bbox 1100 2896 1233 2958; x_wconf 82' lang='lat' dir='ltr'><em>Cod.</em></span> <span class='ocrx_word' id='word_1_170' title='bbox 1267 2895 1448 2961; x_wconf 84' lang='lat' dir='ltr'><strong><em>Marc.</em></strong></span> <span class='ocrx_word' id='word_1_171' title='bbox 1484 2902 1604 2959; x_wconf 83' lang='lat'><strong><em>434</em></strong></span> <span class='ocrx_word' id='word_1_172' title='bbox 1636 2924 1723 2949; x_wconf 56' lang='grc' dir='ltr'><strong><em>ετ-</em></strong></span> <span class='ocrx_word' id='word_1_173' title='bbox 1751 2893 1820 2957; x_wconf 91' lang='grc' dir='ltr'>Ω</span> <span class='ocrx_word' id='word_1_174' title='bbox 1915 2896 2047 2958; x_wconf 83' lang='lat' dir='ltr'><strong><em>Cod.</em></strong></span> <span class='ocrx_word' id='word_1_175' title='bbox 2079 2895 2260 2958; x_wconf 84' lang='lat' dir='ltr'><strong><em>Marc.</em></strong></span> <span class='ocrx_word' id='word_1_176' title='bbox 2295 2901 2422 2958; x_wconf 86' lang='lat'><strong><em>436</em></strong></span> <span class='ocrx_word' id='word_1_177' title='bbox 2450 2923 2527 2946; x_wconf 86' lang='lat'><strong><em>===</em></strong></span> <span class='ocrx_word' id='word_1_178' title='bbox 2556 2894 2638 2955; x_wconf 83' lang='grc' dir='ltr'>Ψ</span> 
     </span>
     <span class='ocr_line' id='line_1_24' title="bbox 556 2995 2534 3062; baseline 0.004 -7"><span class='ocrx_word' id='word_1_179' title='bbox 556 2995 685 3057; x_wconf 71' lang='lat' dir='ltr'><strong><em>Cnd.</em></strong></span> <span class='ocrx_word' id='word_1_180' title='bbox 747 2995 865 3060; x_wconf 79' lang='lat' dir='ltr'><strong><em>Vnt.</em></strong></span> <span class='ocrx_word' id='word_1_181' title='bbox 920 3003 1081 3060; x_wconf 83' lang='lat'>1324</span> <span class='ocrx_word' id='word_1_182' title='bbox 1262 2999 1396 3061; x_wconf 71' lang='lat' dir='ltr'><em>Coa.</em></span> <span class='ocrx_word' id='word_1_183' title='bbox 1456 2998 1688 3062; x_wconf 78' lang='lat' dir='ltr'><strong><em>Vindob.</em></strong></span> <span class='ocrx_word' id='word_1_184' title='bbox 1744 3003 1859 3062; x_wconf 84' lang='lat'><strong><em>123</em></strong></span> <span class='ocrx_word' id='word_1_185' title='bbox 1906 3026 1991 3049; x_wconf 90' lang='lat'><em>=</em></span> <span class='ocrx_word' id='word_1_186' title='bbox 2035 2995 2085 3058; x_wconf 91' lang='lat' dir='ltr'>B</span> <span class='ocrx_word' id='word_1_187' title='bbox 2130 3000 2261 3060; x_wconf 79' lang='lat' dir='ltr'><strong><em>inde</em></strong></span> <span class='ocrx_word' id='word_1_188' title='bbox 2305 3016 2431 3059; x_wconf 82' lang='lat' dir='ltr'><strong><em>a-c.</em></strong></span> <span class='ocrx_word' id='word_1_189' title='bbox 2482 3003 2534 3062; x_wconf 88' lang='grc'><strong><em>6.</em></strong></span> 
     </span>
    </p>
   </div>
   <div class='ocr_carea' id='block_1_6' title="bbox 472 3111 2636 4117">
    <p class='ocr_par' dir='ltr' id='par_1_14' title="bbox 472 3111 2636 4117">
     <span class='ocr_line' id='line_1_25' title="bbox 472 3111 2633 3199; baseline 0.004 -28"><span class='ocrx_word' id='word_1_190' title='bbox 472 3135 524 3171; x_wconf 68' lang='lat' dir='ltr'><strong><em>c.</em></strong></span> <span class='ocrx_word' id='word_1_191' title='bbox 608 3123 652 3173; x_wconf 92' lang='lat'><strong><em>1.</em></strong></span> <span class='ocrx_word' id='word_1_192' title='bbox 685 3111 866 3193; x_wconf 80' lang='grc' dir='ltr'><strong><em>ὅπως</em></strong></span> <span class='ocrx_word' id='word_1_193' title='bbox 911 3114 994 3180; x_wconf 79' lang='grc' dir='ltr'><strong><em>ἂν</em></strong></span> <span class='ocrx_word' id='word_1_194' title='bbox 1040 3114 1254 3199; x_wconf 82' lang='grc' dir='ltr'><strong><em>ῥήτωρ</em></strong></span> <span class='ocrx_word' id='word_1_195' title='bbox 1299 3121 1517 3197; x_wconf 81' lang='grc' dir='ltr'><strong><em>γένοιο</em></strong></span> <span class='ocrx_word' id='word_1_196' title='bbox 1562 3124 1667 3183; x_wconf 84' lang='grc' dir='ltr'><strong><em>καὶ</em></strong></span> <span class='ocrx_word' id='word_1_197' title='bbox 1712 3116 1788 3183; x_wconf 88' lang='grc' dir='ltr'><strong><em>τὸ</em></strong></span> <span class='ocrx_word' id='word_1_198' title='bbox 1835 3114 2230 3195; x_wconf 84' lang='grc' dir='ltr'><strong><em>σεμνότατον</em></strong></span> <span class='ocrx_word' id='word_1_199' title='bbox 2275 3123 2476 3182; x_wconf 81' lang='grc' dir='ltr'><strong><em>τοῦτο</em></strong></span> <span class='ocrx_word' id='word_1_200' title='bbox 2521 3123 2633 3179; x_wconf 82' lang='grc' dir='ltr'><strong><em>καὶ</em></strong></span> 
     </span>
     <span class='ocr_line' id='line_1_26' title="bbox 683 3210 2634 3303; baseline -0.001 -22"><span class='ocrx_word' id='word_1_201' title='bbox 683 3210 1007 3294; x_wconf 72' lang='grc' dir='ltr'><strong><em>πάντιμον</em></strong></span> <span class='ocrx_word' id='word_1_202' title='bbox 1032 3212 1240 3296; x_wconf 73' lang='grc' dir='ltr'><strong><em>ὄνομα</em></strong></span> <span class='ocrx_word' id='word_1_203' title='bbox 1265 3219 1570 3303; x_wconf 82' lang='grc' dir='ltr'><strong><em>σοφιστὴς</em></strong></span> <span class='ocrx_word' id='word_1_204' title='bbox 1594 3218 1826 3298; x_wconf 65' lang='grc' dir='ltr'><strong><em>αυτὸς</em></strong></span> <span class='ocrx_word' id='word_1_205' title='bbox 1859 3221 2021 3284; x_wconf 83' lang='grc' dir='ltr'><strong><em>εἶναι</em></strong></span> <span class='ocrx_word' id='word_1_206' title='bbox 2053 3215 2412 3303; x_wconf 49' lang='lat' dir='ltr'><strong><em>&amp;ignes-&#39;Sic</em></strong></span> <span class='ocrx_word' id='word_1_207' title='bbox 2425 3238 2634 3280; x_wconf 89' lang='lat' dir='ltr'><strong>omnes</strong></span> 
     </span>
     <span class='ocr_line' id='line_1_27' title="bbox 682 3320 2635 3404; baseline 0.001 -23"><span class='ocrx_word' id='word_1_208' title='bbox 682 3320 809 3381; x_wconf 85' lang='lat' dir='ltr'><strong>fere</strong></span> <span class='ocrx_word' id='word_1_209' title='bbox 855 3321 1139 3384; x_wconf 81' lang='lat' dir='ltr'><strong>editiones</strong></span> <span class='ocrx_word' id='word_1_210' title='bbox 1186 3327 1244 3383; x_wconf 89' lang='lat' dir='ltr'><strong><em>et</em></strong></span> <span class='ocrx_word' id='word_1_211' title='bbox 1285 3325 1449 3383; x_wconf 87' lang='lat' dir='ltr'><strong>multi</strong></span> <span class='ocrx_word' id='word_1_212' title='bbox 1495 3326 1746 3404; x_wconf 80' lang='lat' dir='ltr'><strong>codices,</strong></span> <span class='ocrx_word' id='word_1_213' title='bbox 1794 3342 1967 3400; x_wconf 91' lang='lat' dir='ltr'><strong>quem</strong></span> <span class='ocrx_word' id='word_1_214' title='bbox 2002 3325 2196 3383; x_wconf 80' lang='lat' dir='ltr'><strong>locum</strong></span> <span class='ocrx_word' id='word_1_215' title='bbox 2225 3325 2312 3383; x_wconf 86' lang='lat' dir='ltr'><strong><em>sie</em></strong></span> <span class='ocrx_word' id='word_1_216' title='bbox 2342 3324 2635 3399; x_wconf 89' lang='lat' dir='ltr'><strong>interpre-</strong></span> 
     </span>
     <span class='ocr_line' id='line_1_28' title="bbox 682 3423 2635 3505; baseline 0 -21"><span class='ocrx_word' id='word_1_217' title='bbox 682 3428 836 3485; x_wconf 85' lang='lat' dir='ltr'><strong>tatus</strong></span> <span class='ocrx_word' id='word_1_218' title='bbox 879 3442 1041 3485; x_wconf 82' lang='lat' dir='ltr'><strong>sum:</strong></span> <span class='ocrx_word' id='word_1_219' title='bbox 1088 3426 1366 3505; x_wconf 82' lang='lat' dir='ltr'><strong><em>quomodo</em></strong></span> <span class='ocrx_word' id='word_1_220' title='bbox 1409 3426 1606 3487; x_wconf 80' lang='lat' dir='ltr'><strong><em>rhetor</em></strong></span> <span class='ocrx_word' id='word_1_221' title='bbox 1648 3426 1758 3505; x_wconf 71' lang='lat' dir='ltr'><strong><em>fias</em></strong></span> <span class='ocrx_word' id='word_1_222' title='bbox 1801 3436 1851 3486; x_wconf 81' lang='lat' dir='ltr'><strong><em>et</em></strong></span> <span class='ocrx_word' id='word_1_223' title='bbox 1897 3444 2186 3486; x_wconf 79' lang='lat' dir='ltr'><strong>summum</strong></span> <span class='ocrx_word' id='word_1_224' title='bbox 2229 3423 2377 3485; x_wconf 81' lang='lat' dir='ltr'><em>illud</em></span> <span class='ocrx_word' id='word_1_225' title='bbox 2419 3442 2635 3485; x_wconf 75' lang='lat' dir='ltr'><strong>nomen</strong></span> 
     </span>
     <span class='ocr_line' id='line_1_29' title="bbox 678 3526 2636 3608; baseline -0.001 -21"><span class='ocrx_word' id='word_1_226' title='bbox 678 3526 961 3607; x_wconf 70' lang='lat' dir='ltr'><strong><em>sophistae</em></strong></span> <span class='ocrx_word' id='word_1_227' title='bbox 1015 3530 1132 3607; x_wconf 75' lang='lat' dir='ltr'><strong><em>ipse</em></strong></span> <span class='ocrx_word' id='word_1_228' title='bbox 1190 3528 1547 3606; x_wconf 84' lang='lat' dir='ltr'><strong>(leibhaftig)</strong></span> <span class='ocrx_word' id='word_1_229' title='bbox 1606 3547 1720 3590; x_wconf 80' lang='lat' dir='ltr'><strong>esse</strong></span> <span class='ocrx_word' id='word_1_230' title='bbox 1779 3529 2028 3589; x_wconf 78' lang='lat' dir='ltr'><strong><em>videaris</em></strong></span> <span class='ocrx_word' id='word_1_231' title='bbox 2071 3532 2110 3588; x_wconf 82' lang='grc' dir='ltr'><strong><em>ι’.</em></strong></span> <span class='ocrx_word' id='word_1_232' title='bbox 2149 3546 2179 3587; x_wconf 80' lang='grc' dir='ltr'><strong><em>ι</em></strong></span> <span class='ocrx_word' id='word_1_233' title='bbox 2224 3527 2376 3608; x_wconf 79' lang='lat' dir='ltr'><strong><em>quod</em></strong></span> <span class='ocrx_word' id='word_1_234' title='bbox 2418 3545 2636 3589; x_wconf 77' lang='lat' dir='ltr'><strong>nomen</strong></span> 
     </span>
     <span class='ocr_line' id='line_1_30' title="bbox 680 3629 2633 3711; baseline 0.001 -22"><span class='ocrx_word' id='word_1_235' title='bbox 680 3640 976 3708; x_wconf 79' lang='lat' dir='ltr'><strong><em>nuncupat</em></strong></span> <span class='ocrx_word' id='word_1_236' title='bbox 1033 3633 1151 3711; x_wconf 76' lang='lat' dir='ltr'><strong><em>ipse</em></strong></span> <span class='ocrx_word' id='word_1_237' title='bbox 1205 3649 1318 3691; x_wconf 81' lang='lat' dir='ltr'><strong>esse</strong></span> <span class='ocrx_word' id='word_1_238' title='bbox 1373 3631 1642 3693; x_wconf 75' lang='lat' dir='ltr'><strong><em>videaris.</em></strong></span> <span class='ocrx_word' id='word_1_239' title='bbox 1749 3631 1865 3693; x_wconf 85' lang='lat' dir='ltr'><strong><em>Sed</em></strong></span> <span class='ocrx_word' id='word_1_240' title='bbox 1923 3630 2081 3708; x_wconf 87' lang='lat' dir='ltr'>quod</span> <span class='ocrx_word' id='word_1_241' title='bbox 2148 3633 2207 3690; x_wconf 89' lang='lat' dir='ltr'><strong><em>in</em></strong></span> <span class='ocrx_word' id='word_1_242' title='bbox 2267 3629 2633 3710; x_wconf 85' lang='lat' dir='ltr'><strong>melioribus,</strong></span> 
     </span>
     <span class='ocr_line' id='line_1_31' title="bbox 676 3729 2632 3811; baseline 0.001 -20"><span class='ocrx_word' id='word_1_243' title='bbox 676 3750 828 3807; x_wconf 88' lang='lat' dir='ltr'><strong>quos</strong></span> <span class='ocrx_word' id='word_1_244' title='bbox 885 3734 1014 3809; x_wconf 88' lang='lat' dir='ltr'><strong>ipse</strong></span> <span class='ocrx_word' id='word_1_245' title='bbox 1074 3734 1293 3794; x_wconf 80' lang='lat' dir='ltr'><strong>contuli</strong></span> <span class='ocrx_word' id='word_1_246' title='bbox 1337 3734 1502 3795; x_wconf 89' lang='lat' dir='ltr'><strong>libris</strong></span> <span class='ocrx_word' id='word_1_247' title='bbox 1539 3729 1744 3797; x_wconf 84' lang='grc' dir='ltr'><strong><em>ΑΩΨ</em></strong></span> <span class='ocrx_word' id='word_1_248' title='bbox 1796 3738 1955 3795; x_wconf 88' lang='grc'><strong>1324</strong></span> <span class='ocrx_word' id='word_1_249' title='bbox 2004 3732 2100 3797; x_wconf 87' lang='grc' dir='ltr'><strong><em>αυ’</em></strong></span> <span class='ocrx_word' id='word_1_250' title='bbox 2117 3729 2248 3809; x_wconf 88' lang='grc' dir='ltr'><strong><em>τὸς</em></strong></span> <span class='ocrx_word' id='word_1_251' title='bbox 2292 3751 2411 3793; x_wconf 90' lang='lat' dir='ltr'><strong><em>non</em></strong></span> <span class='ocrx_word' id='word_1_252' title='bbox 2453 3735 2632 3811; x_wconf 88' lang='lat' dir='ltr'><strong>inest,</strong></span> 
     </span>
     <span class='ocr_line' id='line_1_32' title="bbox 681 3833 2632 3914; baseline 0.002 -22"><span class='ocrx_word' id='word_1_253' title='bbox 681 3834 796 3893; x_wconf 88' lang='lat' dir='ltr'><strong><em>iam</em></strong></span> <span class='ocrx_word' id='word_1_254' title='bbox 842 3833 1236 3896; x_wconf 85' lang='lat' dir='ltr'><strong>delendum</strong></span> <span class='ocrx_word' id='word_1_255' title='bbox 1283 3854 1413 3897; x_wconf 89' lang='lat' dir='ltr'><strong>esse</strong></span> <span class='ocrx_word' id='word_1_256' title='bbox 1448 3854 1558 3914; x_wconf 84' lang='lat' dir='ltr'><strong><em>ego</em></strong></span> <span class='ocrx_word' id='word_1_257' title='bbox 1591 3854 1825 3914; x_wconf 82' lang='lat' dir='ltr'><strong>oense0,</strong></span> <span class='ocrx_word' id='word_1_258' title='bbox 1870 3838 2216 3913; x_wconf 85' lang='lat' dir='ltr'><strong>praesertim</strong></span> <span class='ocrx_word' id='word_1_259' title='bbox 2247 3852 2379 3895; x_wconf 83' lang='lat' dir='ltr'><strong><em>eum</em></strong></span> <span class='ocrx_word' id='word_1_260' title='bbox 2407 3837 2632 3896; x_wconf 85' lang='lat' dir='ltr'><strong>omisso</strong></span> 
     </span>
     <span class='ocr_line' id='line_1_33' title="bbox 678 3930 2635 4033; baseline 0.002 -36"><span class='ocrx_word' id='word_1_261' title='bbox 678 3930 879 4011; x_wconf 78' lang='grc' dir='ltr'><strong><em>αὐτὸς</em></strong></span> <span class='ocrx_word' id='word_1_262' title='bbox 928 3940 1123 3998; x_wconf 89' lang='lat' dir='ltr'><strong>sensui</strong></span> <span class='ocrx_word' id='word_1_263' title='bbox 1162 3938 1474 3999; x_wconf 87' lang='lat' dir='ltr'><strong>verborum</strong></span> <span class='ocrx_word' id='word_1_264' title='bbox 1502 3958 1622 3999; x_wconf 89' lang='lat' dir='ltr'><strong><em>non</em></strong></span> <span class='ocrx_word' id='word_1_265' title='bbox 1651 3937 1755 3999; x_wconf 84' lang='lat' dir='ltr'><strong><em>fiat</em></strong></span> <span class='ocrx_word' id='word_1_266' title='bbox 1781 3937 1944 4000; x_wconf 82' lang='lat' dir='ltr'><strong>fraus</strong></span> <span class='ocrx_word' id='word_1_267' title='bbox 1972 3972 2060 3982; x_wconf 93' lang='lat'>—</span> <span class='ocrx_word' id='word_1_268' title='bbox 2088 3934 2299 4013; x_wconf 79' lang='grc' dir='ltr'><strong><em>ου’δεὶς</em></strong></span> <span class='ocrx_word' id='word_1_269' title='bbox 2331 3933 2635 4033; x_wconf 71' lang='grc' dir='ltr'><strong><em>φθόνος.</em></strong></span> 
     </span>
     <span class='ocr_line' id='line_1_34' title="bbox 679 4037 2635 4117; baseline 0.003 -22"><span class='ocrx_word' id='word_1_270' title='bbox 679 4037 809 4096; x_wconf 89' lang='lat' dir='ltr'><strong>sine</strong></span> <span class='ocrx_word' id='word_1_271' title='bbox 830 4037 1013 4097; x_wconf 86' lang='lat' dir='ltr'><strong>verbo</strong></span> <span class='ocrx_word' id='word_1_272' title='bbox 1028 4042 1091 4097; x_wconf 89' lang='lat' dir='ltr'><strong><em>ut</em></strong></span> <span class='ocrx_word' id='word_1_273' title='bbox 1112 4042 1446 4100; x_wconf 80' lang='lat' dir='ltr'><strong>sexcenties</strong></span> <span class='ocrx_word' id='word_1_274' title='bbox 1464 4040 1623 4117; x_wconf 85' lang='lat' dir='ltr'><strong>apud</strong></span> <span class='ocrx_word' id='word_1_275' title='bbox 1637 4041 1961 4101; x_wconf 80' lang='lat' dir='ltr'><strong>Lucianum</strong></span> <span class='ocrx_word' id='word_1_276' title='bbox 1983 4041 2083 4101; x_wconf 84' lang='lat' dir='ltr'><strong><em>vel</em></strong></span> <span class='ocrx_word' id='word_1_277' title='bbox 2106 4040 2236 4103; x_wconf 84' lang='lat' dir='ltr'><strong>sola</strong></span> <span class='ocrx_word' id='word_1_278' title='bbox 2256 4040 2635 4101; x_wconf 79' lang='lat' dir='ltr'><strong>substantiva</strong></span> 
     </span>
    </p>
   </div>
  </div>
 </body>
</html>
