2867 4525
458 263 538 321 70
1362 260 1770 324 [ΔΟΥΚΙΑΝΟΥ]

450 447 644 517 χοαῖς
685 434 797 498 καὶ
841 443 984 508 τοῖς
1026 429 1655 517 καθαγιζομένοις’
1628 434 1744 498 επὶ
1787 434 1921 496 τῶν
1966 428 2235 517 τάφων·
2297 423 2389 504 ὥς
2427 426 2492 493 εἴ
2515 452 2620 513 τῳ

454 534 544 625 μὴ
594 534 696 624 ε’ίη
741 533 1339 617 καταλελειμμένος
1381 529 1555 620 ὑπὲρ
1598 540 1717 622 γῆς
1760 520 2031 619 φίλος’
2002 558 2040 616 η
2084 530 2412 620 συγγενής,
2462 551 2620 596 ασι-

457 662 572 716 τος
640 630 836 713 ουτος
903 632 1128 719 νεκρὸς
1181 636 1294 701 καὶ
1347 635 1695 719 λιμώττων
1753 633 1822 701 ἐν
1878 627 2109 711 αὐτοῖς
2165 628 2619 699 πολιτεύεται.

371 750 445 805 10
468 746 568 807 10.
623 742 834 804 ταῦτα
910 729 1120 815 ούτως
1199 736 1481 822 ἰσχυρῶς
1551 736 1826 823 περιελκί
1833 737 2003 802 λυθε
2072 731 2229 811 τοὺς
2301 726 2620 814 πολλούς,

457 835 630 908 ὥστε
674 833 953 906 ἐπειδάν
996 864 1100 917 τις
1145 831 1469 926 ἀποθάνῃ
1514 841 1648 905 τῶν
1693 837 1956 906 οἰκείων
1965 890 1984 920 ,
2043 838 2282 921 πρῶτα
2325 836 2447 919 μὲν
2493 839 2623 923 φέ-

460 966 687 1031 ροντες
737 936 980 1027 ὀβολὸν
1025 940 1092 1019 ἐς
1133 939 1210 1007 τὸ
1260 940 1480 1025 στόμα
1522 945 1900 1028 κατέθηκαν
1948 935 2160 1025 αὐτῷ,
2214 936 2475 1022 μισθὸν
2517 941 2622 1024 τῷ

458 1050 769 1132 πορθμεῖ
829 1047 947 1130 τῆς
1008 1044 1351 1120 ναυτιλίας
1414 1042 1884 1129 γενησόμενον,
1946 1034 2021 1108 ού
2088 1040 2419 1125 πρότερον
2478 1037 2622 1118 ἐξε-

458 1148 782 1223 τάσαντες
825 1142 1068 1212 ὁποῖον
1113 1141 1187 1211 τὸ
1236 1144 1534 1228 νόμισμα
1573 1143 1911 1228 νομίζεται
1940 1146 2053 1210 καὶ
2083 1143 2400 1227 διαχωρεῖ
2425 1139 2622 1228 παρὰ

457 1262 602 1327 τοῖς
645 1248 846 1329 κάτω,
892 1248 1004 1312 καὶ
1051 1245 1111 1312 εἰ
1156 1244 1434 1314 δύναται
1480 1240 1636 1331 παρ’
1690 1246 1966 1324 ἐκείνοις
2000 1239 2323 1321 Ἀττικὸς
2363 1233 2407 1330 ἢ
2455 1249 2623 1309 Μα-

458 1349 795 1428 κεδονικὸς
838 1339 880 1436 ἢ
923 1346 1286 1433 Αἰγιναῖος
1340 1342 1617 1432 ὀβολός,
1663 1341 1799 1414 οὐδ’
1849 1341 1957 1415 ὅτι
1999 1346 2175 1414 πολὺ
2221 1345 2495 1426 κάλλιον
2538 1331 2624 1432 ἦν

457 1452 548 1538 μὴ
596 1452 766 1535 ἔχειν
810 1449 893 1516 τὰ
938 1454 1292 1534 πορθμεῖα
1316 1452 1748 1534 καταβαλεῖν·
1809 1443 1983 1518 οῦτω
2011 1449 2137 1537 γὰρ
2171 1439 2250 1515 ἂν
2283 1441 2357 1514 οὗ
2389 1473 2622 1533 παρα-

463 1554 822 1637 δεξαμένου
865 1556 986 1619 τοῦ
1030 1557 1401 1638 πορθμέως
1448 1547 1931 1637 ἀναπόμπιμοι
1974 1552 2183 1619 πάλιν
2222 1549 2291 1629 ές
2319 1549 2438 1617 τὸν
2466 1556 2622 1635 βίον

372 1668 441 1721 11
463 1655 885 1745 ἀφικνοῦντο.
979 1662 1078 1722 11.
1130 1654 1300 1739 μετὰ
1363 1659 1578 1722 ταῦτα
1641 1656 1713 1721 δὲ
1780 1653 2136 1732 λούσαντες
2194 1648 2466 1733 αύτούς,
2532 1650 2623 1730 ὡς

460 1755 576 1842 οὐχ
624 1759 852 1846 ἱκανῆς
894 1760 1011 1843 τῆς
1052 1755 1233 1823 κάτω
1279 1758 1515 1845 λίμνης
1559 1755 1836 1841 λουτρὸν
1883 1753 2057 1824 εἶναι
2101 1768 2244 1833 τοῖς
2288 1754 2452 1836 ἐκεῖ,
2507 1757 2722 1822 καὶ92ῖ

457 1859 647 1948 μύρῳ
714 1864 811 1947 τῷ
875 1860 1209 1946 καλλίστῳ
1259 1865 1613 1945 χρίσαντες
1670 1858 1745 1925 τὸ
1804 1863 2000 1943 σῶμα
2050 1856 2226 1945 πρὸς
2282 1856 2621 1923 δυσωδίαν

460 1958 585 2051 ἤδη
643 1961 1037 2047 βιαζόμενον
1093 1964 1205 2028 καὶ
1252 1954 1804 2048 στεφανώσαντες
1854 1975 2000 2038 τοῖς
2051 1956 2330 2046 ὡραίοις
2374 1954 2625 2027 ἄνθεσι

461 2068 912 2151 προτίθενται
957 2065 1283 2148 λαμπρῶς
1327 2055 1802 2150 ἆμφιέσαντες,
1848 2062 1961 2129 ἵνα
2003 2061 2092 2150 μὴ
2139 2064 2373 2150 ῥιγῷεν
2419 2063 2625 2148 δῆλον

463 2166 572 2233 ὅτι
617 2163 803 2250 παρὰ
858 2164 977 2253 τὴν
1023 2160 1183 2232 ὁδὸν
1243 2164 1411 2255 μηδὲ
1455 2167 1692 2249 γυμνοὶ
1733 2166 2095 2249 βλέποιντο
2141 2168 2238 2251 τῷ
2283 2169 2625 2252 Κερβέρῳ.

374 2275 566 2338 1212.
627 2267 916 2354 οἰμωγαὶ
982 2267 1054 2334 δὲ
1120 2266 1237 2335 ἐπὶ
1292 2267 1555 2345 τούτοις
1609 2271 1721 2335 καὶ
1778 2266 2065 2345 κωκυτὸς
2120 2272 2445 2354 γυναικῶν
2503 2271 2619 2335 καὶ

461 2370 649 2453 παρὰ
715 2371 991 2436 πάντων
1047 2368 1299 2456 δάκρυα
1362 2372 1476 2436 καὶ
1534 2376 1776 2455 στέρνα
1827 2369 2211 2452 τυπτόμενα
2267 2373 2380 2437 καὶ
2440 2394 2624 2437 σπα-

465 2477 830 2560 ραττομένη
876 2470 1043 2559 κόμη
1088 2474 1200 2538 καὶ
1245 2471 1763 2561 φοινισσόμεναι
1807 2477 2122 2557 παρειαί·
2182 2478 2297 2539 καί
2340 2497 2476 2538 που
2506 2476 2621 2540 καὶ

463 2573 675 2663 ἐσθὴς
716 2573 1243 2662 καταρρήγνυται
1298 2574 1408 2640 καί
1453 2574 1635 2653 κόνις
1695 2573 1811 2640 ἐπὶ
1854 2577 1939 2663 τῇ
1981 2576 2244 2663 κεφαλῇ
2286 2573 2622 2642 πάττεται
2659 2586 2662 2589 ’

462 2678 574 2744 καὶ
620 2677 686 2743 οἱ
732 2676 966 2757 ζῶντες
1010 2674 1418 2762 οἰκτρότεροι
1462 2680 1582 2743 τοῦ
1625 2679 1887 2761 νεκροῦ·
1965 2677 2032 2743 οἱ
2074 2676 2196 2761 μὲν
2237 2675 2364 2763 γὰρ
2404 2679 2620 2761 χαμαὶ

461 2779 921 2847 κυλινδοῦνται
977 2778 1303 2856 πολλάκις
1358 2781 1471 2845 καὶ
1525 2776 1647 2856 τὰς
1690 2776 1990 2868 κεφαλὰς
2035 2772 2400 2863 ἀράττουσι
2446 2777 2625 2867 πρὸς

460 2880 537 2948 τὸ
589 2880 860 2969 ἔδαφος,
907 2876 941 2947 ὅ
993 2880 1066 2946 δὲ
1109 2874 1454 2967 εὐσχήμων
1497 2882 1610 2946 καὶ
1653 2879 1855 2958 καλὸς
1896 2884 2008 2947 καὶ
2049 2873 2203 2945 καθ’
2241 2876 2623 2969 ὑπερβολὴν

465 2981 1012 3069 ἐστεφανωμένος
1076 2978 1341 3070 ὑψηλὸς
1403 2982 1781 3067 πρόκειται.
1825 2984 1935 3049 καὶ
2001 2987 2334 3068 μετέωρος
2392 2975 2623 3068 ὥσπερ

378 3083 536 3162 18-ἒς
580 3086 861 3172 πομπὴν
903 3088 1407 3171 κεκοσμημένος.
1472 3090 1569 3150 13.
1615 3077 1745 3150 εἶθ’
1798 3080 1836 3172 ἦ
1881 3083 2097 3174 μήτηρ
2139 3079 2182 3173 ἢ
2225 3087 2336 3152 καὶ
2374 3082 2452 3173 νὴ
2484 3090 2627 3153 Δία

465 3183 500 3252 ὃ
562 3184 785 3274 πατὴρ
844 3183 914 3251 ἐκ
963 3189 1186 3268 μέσων
1230 3188 1363 3251 τῶν
1411 3189 1738 3272 συγγενῶν
1782 3186 2146 3272 προελθών
2189 3189 2303 3254 καὶ
2348 3212 2627 3275 περιχυ-

464 3290 621 3366 θεὶς
667 3281 847 3374 αὖτῴ
886 3326 971 3337 -
1000 3292 1398 3373 προκείσθω
1426 3288 1552 3375 γάρ
1597 3313 1701 3366 τις
1744 3293 1891 3365 νέος
1934 3291 2045 3355 καὶ
2089 3290 2309 3371 καλός,
2356 3289 2472 3356 ἵνα
2513 3292 2628 3358 καὶ

468 3383 910 3476 ἀκμαιότερον
952 3388 1028 3457 τὸ
1079 3383 1180 3455 ἐπ’
1234 3386 1416 3476 αὐτῷ
1463 3391 1684 3477 δρᾶμα
1728 3377 1773 3480 ᾗ
1818 3431 1901 3440 -
1947 3389 2179 3479 φωνὰς
2225 3384 2631 3472 ἀλλοκότους

465 3496 575 3560 καὶ
643 3498 938 3578 ματαίας
996 3485 1274 3580 ἇφίησι,
1342 3490 1519 3580 πρὸς
1577 3490 1734 3571 ἃςὸ
1797 3492 2026 3580 νεκρὸς
2084 3486 2286 3572 αὗτός
2342 3488 2632 3584 ἀποκρί-

470 3590 633 3662 ναιτ’
687 3590 787 3677 ἄν,
837 3594 897 3661 εἰ
942 3593 1140 3679 λάβοι
1185 3594 1451 3684 φωνήν·
1511 3595 1715 3683 φήσει
1757 3594 1884 3683 γὰρ
1929 3590 1964 3663 ὅ
2012 3595 2238 3685 πατὴρ
2280 3597 2517 3684 γοερόν
2562 3608 2731 3665 τι928

472 3695 935 3784 φθεγγόμενος
1012 3700 1126 3765 καὶ
1205 3705 1633 3783 παρατείνων
1707 3698 1981 3765 ἕκαστον
2052 3701 2186 3765 τῶν
2260 3692 2632 3783 ὀνομάτων,

477 3803 718 3866 Τέκνον
781 3792 1085 3886 ἥδιστον,
1156 3798 1299 3886 οἴχῃ
1357 3825 1478 3884 μοι
1539 3802 1650 3866 καὶ
1701 3805 2032 3890 τέθνηκας
2086 3802 2197 3868 καὶ
2253 3799 2388 3888 πρὸ
2450 3794 2631 3887 ὥρας

469 3898 916 3989 ἀνηρπάσθης
968 3900 1172 3986 μόνον
1229 3901 1344 3987 ἐμὲ
1396 3900 1515 3969 τὸν
1574 3897 1822 3970 ἄθλιον
1876 3900 2297 3984 καταλιπών,
2370 3896 2448 3970 οὗ
2506 3929 2630 3990 γα-

467 4002 718 4093 μήσας,
793 3999 868 4069 οὗ
942 4004 1640 4092 παιδοποιησάμενος,
1718 3998 1793 4072 οὗ
1868 4004 2475 4093 στρατευσάμενος,
2552 3999 2631 4074 ού
