2867 4525
1177 315 1520 368 ΔΙΟΝΥΣΟΣ.
2304 318 2335 372 1
2347 317 2380 372 1
2392 318 2425 374 1

264 488 380 552 καὶ
424 485 772 604 ταξίαρχοι
815 485 1106 572 Σάτυροι
1151 484 1785 575 ἐγκαθειστήκεσαν·
1830 487 1940 552 καὶ
1984 484 2061 552 τὸ
2107 484 2229 570 μὲν
2274 480 2428 554 σύν-

264 592 463 675 θημα
491 571 572 677 ἦν
603 586 826 655 ἅπασι
854 585 931 654 τὸ
980 581 1142 656 εὗοῖ.
1217 581 1420 665 εὐθὺς
1454 587 1526 654 δὲ
1554 585 1639 653 τὰ
1677 586 1995 672 τύμπανα
2028 586 2427 675 ἐπαταγεῖτο

265 690 379 756 καὶ
421 686 507 756 τὰ
551 688 857 775 κύμβαλα
900 687 976 755 τὸ
1022 686 1389 772 πολεμικὸν
1437 688 1754 777 ἐσήμαινε
1796 692 1906 757 καὶ
1950 693 2084 757 τῶν
2114 691 2429 778 Σατύρων

264 813 371 867 τις
414 789 638 875 λαβὼν
667 788 742 857 τὸ
778 794 973 878 κέρας
1019 789 1293 879 ἐπηύλει
1322 789 1398 859 τὸ
1447 785 1690 878 ὄρθιον
1719 795 1831 859 καὶ
1878 788 1912 860 ὃ
1960 796 2080 859 τοῦ
2110 793 2429 882 Σειληνοῦ

265 886 422 969 ὄνος
467 887 772 960 ἐνυάλιόν
815 919 883 960 τι
926 886 1270 979 ὠγκήσατο
1315 896 1428 961 καὶ
1477 895 1547 961 αἱ
1582 894 1937 972 Μαινάδες
1983 893 2103 962 σὺν
2148 889 2430 984 ὀλολυγῇ

265 990 687 1083 ἐνεπήδησαν
730 987 959 1073 αὗτοῖς
1004 995 1368 1081 δράκοντας
1410 991 1879 1082 ὑπεζωσμέναι
1921 997 2044 1064 κάκ
2085 1000 2220 1064 τῶν
2258 997 2431 1084 θύρ-

267 1118 405 1163 σων
466 1091 684 1183 ἄκρων
743 1090 1251 1183 ἀπογυμνοῦσαι
1306 1096 1424 1164 τὸν
1469 1098 1762 1188 σίδηρον.
1852 1098 1919 1166 οἱ
1960 1092 2155 1166 Ἰνδοὶ
2204 1099 2275 1166 δὲ
2318 1103 2429 1167 καὶ

266 1196 624 1287 ἐλέφαντες
679 1192 899 1266 αὗτῶν
967 1194 1202 1268 αὐτίκα
1265 1198 1675 1286 ἐγκλίναντες
1741 1199 1860 1267 σὺν
1927 1197 2146 1269 οὐδενὶ
2198 1199 2428 1290 κόσμῳ

185 1317 250 1369 ’79
269 1299 554 1389 ἔφευγον
614 1294 755 1368 οὔδ’
829 1299 1015 1379 ἐντὸς
1066 1303 1305 1387 βέλους
1359 1306 1682 1389 γενέσθαι
1739 1299 2252 1387 ὖπομείναντες,
2318 1307 2430 1373 καὶ

264 1404 460 1482 τέλος
501 1402 671 1469 κατὰ
728 1402 968 1489 κράτος
1025 1402 1402 1471 εαλιόκεσαν
1457 1406 1571 1471 καὶ
1630 1404 2040 1489 αἰχμάλωτοι
2086 1399 2427 1491 ἀπήγοντο

265 1501 401 1573 ὖπό
461 1508 594 1572 τῶν
649 1510 818 1584 τέως
871 1507 1461 1592 καταγελωμένων,
1530 1505 1699 1595 ε’ργῳ
1764 1501 2106 1592 μαθόντες
2165 1502 2258 1584 ῶς
2316 1502 2431 1573 οὐκ

267 1606 460 1694 ἐχρῆν
505 1602 642 1675 ἀπὸ
687 1610 807 1693 τῆς
851 1606 1123 1695 πρώτης
1167 1601 1367 1698 ἀκοῆς
1410 1622 1857 1696 καταφρονεῖν
1902 1607 2104 1685 ξένων
2149 1631 2432 1691 στρατο-

265 1709 514 1777 πέδων.
592 1717 651 1777 5.
684 1705 856 1776 ἀλλὰ
899 1713 970 1775 τί
1013 1708 1186 1794 πρὸς
1225 1709 1343 1776 τὸν
1376 1709 1711 1778 Διόνυσον
1757 1706 1791 1775 6
1822 1709 2160 1788 Διόνυσος
2204 1705 2428 1794 ουτος,·
2461 1720 2499 1774 5

266 1811 460 1881 εἴποι
514 1836 618 1890 τις
679 1837 777 1878 αν.
874 1804 982 1879 ότι
1036 1837 1158 1896 μοι
1215 1811 1488 1879 δοκοῦσι
1543 1814 1679 1890 (καὶ
1736 1810 1910 1898 πρὸς
1966 1817 2286 1897 Χαρίτων
2340 1812 2430 1900 μή

261 1938 351 1998 με
413 1917 852 2000 κορυβαντιᾶν
910 1903 953 2001 ἢ
1008 1915 1253 1992 τελέως
1305 1912 1589 1997 μεθύειν
1644 1908 2032 2002 ὑπολάβητε
2044 1966 2063 1996 ,
2133 1913 2193 1982 εἶ
2250 1912 2433 1999 τάμὰ

266 2010 507 2096 εἰκάζω
571 2030 715 2094 τοῖς
772 2020 991 2095 θεοῖς)
1047 2007 1284 2099 ὅμοιόν
1350 2041 1420 2081 τι
1440 2014 1767 2099 ,πάσχειν
1836 2017 1902 2082 οἱ
1954 2015 2200 2083 πολλοὶ
2257 2014 2435 2103 πρὸς

263 2115 425 2196 τοὺς
478 2117 746 2194 καινοὺς
803 2120 938 2184 τῶν
992 2117 1205 2203 λόγων
1269 2131 1415 2196 τοῖς
1464 2111 1697 2196 Ἰνδοῖς
1764 2116 2040 2196 ἐκείνοις
2098 2116 2264 2204 [οἶον
2320 2121 2433 2186 καὶ

266 2219 445 2306 πρὸς
485 2218 643 2299 τούς
688 2216 936 2309 ἐμούς]’
985 2219 1284 2305 οἰόμενοι
1318 2218 1445 2307 γὰρ
1492 2218 1813 2308 σατυρικὰ
1857 2221 1968 2287 καὶ
2012 2218 2240 2306 γελοῖά
2281 2244 2434 2287 τινα

266 2326 382 2390 καὶ
425 2323 668 2412 κομιδῇ
696 2321 954 2407 κωμικὰ
986 2317 1151 2409 παρ’
1201 2319 1393 2411 ῇμῶν
1426 2317 1845 2391 ἀκούσεσθαι
1874 2321 2176 2411 [τοιαῦτα
2222 2347 2433 2389 πεπι-

268 2422 661 2513 στεύκασιν],
710 2419 826 2492 οῦκ
871 2422 1007 2493 οἶδ’
1057 2451 1091 2493 ο
1137 2451 1207 2493 τι
1239 2425 1444 2505 δόξαν
1485 2423 1714 2503 αὐτοῖς
1757 2421 1928 2507 ὑπὲρ
1976 2424 2157 2509 ἐμοῦ,
2203 2425 2269 2490 οἱ
2312 2425 2433 2509 μὲν

269 2521 427 2593 οῦδὲ
469 2524 590 2614 τὴν
650 2521 853 2616 ἀρχήν
899 2523 1363 2616 ἀφικνοῦνται,
1421 2523 1512 2604 ὥς
1555 2521 1747 2594 οῦδὲν
1793 2526 1944 2592 δέον
1989 2530 2305 2611 παρέχειν
2347 2524 2433 2592 τὰ

269 2653 414 2694 ωτα
455 2627 706 2713 κα’μοις
746 2635 1146 2716 γυναικείοις
1187 2631 1300 2695 καὶ
1355 2627 1755 2717 σκιρτήμασι
1804 2640 2184 2712 σατυρικοῖς
2227 2652 2433 2693 κατα-

264 2729 519 2815 βάντας
573 2724 712 2797 ἀπὸ
779 2734 914 2799 τῶν
981 2730 1392 2819 ἐλεφάντων,
1464 2730 1531 2796 οἱ
1586 2730 1658 2796 δὲ
1716 2724 1809 2806 ῶς
1866 2726 1982 2796 ἐπὶ
2039 2726 2306 2795 τοιοῦτο
2365 2753 2432 2795 τι

265 2824 536 2917 ήκοντες
604 2825 751 2900 ἀντὶ
814 2835 934 2900 τοῦ
997 2836 1223 2900 κιττοῦ
1289 2832 1565 2921 σίδηρον
1632 2826 1933 2915 ευρόντες
2000 2822 2144 2896 ουδ’
2221 2820 2432 2907 οῦτως

269 2931 573 3001 ἐπαινεῖν
617 2936 918 3018 τολμῶσι
973 2938 1072 3022 τῷ
1123 2933 1492 3021 παραδόξῳ
1536 2935 1657 3000 τοῦ
1708 2931 2102 3018 πράγματος
2144 2936 2431 3017 τεθορυ-

190 3046 252 3097 80
271 3037 571 3121 βημένοι.
661 3027 829 3101 ἀλλὰ
875 3040 1155 3124 θαρρῶν
1200 3035 1691 3123 ἐπαγγέλλομαι
1741 3027 1992 3116 αὐτοῖς,
2046 3026 2154 3100 ὅτι
2196 3022 2276 3119 ἢν
2319 3035 2431 3100 καὶ

269 3138 387 3204 νῦν
442 3131 535 3215 ῶς
590 3135 919 3224 πρότερόν
976 3163 1148 3205 ποτε
1201 3137 1318 3224 τὴν
1373 3137 1643 3225 τελετὴν
1703 3135 2120 3226 ἐθελήσωσιν
2173 3134 2432 3204 ἐπιδεῖν

269 3237 599 3315 πολλάκις
639 3242 752 3306 καὶ
797 3233 1322 3329 ἀναμνησθῶσιν
1366 3240 1434 3308 οἱ
1474 3241 1759 3307 παλαιοὶ
1805 3238 2151 3323 συμπόται
2192 3237 2431 3322 κώμων

270 3343 511 3407 κοινῶν
551 3344 685 3407 τῶν
729 3341 884 3408 τότε
925 3346 1174 3431 καιρῶν
1217 3345 1330 3410 καὶ
1372 3341 1464 3432 μὴ
1511 3340 2076 3429 καταφρονήσωσι
2116 3342 2251 3405 τῶν
2295 3345 2430 3403 Σα-

267 3440 487 3529 τύρων
550 3445 663 3510 καὶ
717 3445 1077 3531 Σειληνῶν,
1145 3449 1364 3511 πίωσι
1420 3442 1493 3509 δὲ
1561 3442 1627 3520 ἐς
1679 3441 1874 3525 κόρον
1930 3444 2053 3507 τοῦ
2107 3442 2431 3527 κρατῆρος

269 3543 530 3627 τούτου,
577 3543 1032 3630 ἐκβακχεύσειν
1073 3547 1186 3613 καὶ
1233 3539 1473 3624 αὖτοὺς
1507 3548 1619 3612 καὶ
1663 3544 1990 3620 πολλάκις
2032 3536 2193 3625 μεθ’
2244 3536 2431 3628 ἡμῶν

271 3645 447 3732 ἐρεῖν
490 3644 566 3712 τὸ
625 3641 787 3714 εὐοῖ.
875 3652 930 3715 6.
982 3640 1169 3715 οῦτοι
1224 3647 1345 3732 μὲν
1391 3632 1508 3714 οῦν
1550 3686 1638 3697 -
1693 3644 2047 3729 ἐλεύθερον
2091 3640 2217 3728 γὰρ
2264 3634 2427 3731 ἀκοή
2461 3657 2501 3712 6

267 3787 356 3800 -
402 3742 780 3816 ποιούντων
836 3740 876 3815 δ’
917 3774 988 3815 τι
1029 3752 1140 3817 καὶ
1187 3750 1423 3838 φίλον,
1483 3748 1608 3834 ἐγώ
1655 3748 1754 3828 δέ,
1803 3742 2173 3834 ἐπειδήπερ
2219 3743 2318 3812 ἔτι
2363 3743 2432 3812 ἐν

257 3845 494 3929 Ἰνδοῖς
551 3848 779 3934 ἐσμέν,
844 3849 1063 3917 ἐθέλω
1104 3854 1217 3919 καὶ
1266 3844 1429 3916 ἄλλο
1484 3845 1639 3933 ὖμῑν
1685 3843 2146 3936 διηγήσασθαί
2186 3872 2256 3914 τι
2299 3849 2431 3914 τῶν

270 3953 551 4035 ἐκεῖθεν,
598 3947 716 4020 οῦκ
759 3945 1297 4039 ἀπροσδιόνυσον
1342 3944 1488 4019 οὐδ’
1544 3944 1724 4031 αῦτό,
1773 3944 1922 4017 οἷδ’
1968 3945 2062 4016 ῶν
2106 3950 2433 4032 ποιοῦμεν

271 4049 644 4143 ἀλλότριον.
748 4054 817 4123 ἐν
863 4048 1097 4134 Ἰνδοῖς
1150 4068 1294 4133 τοῖς
1351 4055 1769 4137 Μαχλαίοις,
1829 4055 1895 4119 οἳ
1951 4051 2036 4118 τὰ
2096 4049 2255 4117 λαιὰ
2310 4051 2432 4114 τοῦ
