2867 4525
498 271 618 329 126
1381 269 1757 324 ΔΟΥΚΙΑΝΟΥ

493 438 950 530 ποιησάμενος
996 444 1106 509 καὶ
1155 445 1489 528 στέφανον
1534 432 1792 526 δάφνης
1829 441 2074 527 χρυσῆς
2116 438 2499 519 κάλλιστον,
2551 435 2661 515 ὥς
2680 455 2763 507 108

496 537 645 611 ἀντὶ
701 544 963 629 καρποῦ
1021 545 1140 629 τῆς
1198 540 1457 631 δάφνης
1515 539 1938 627 σμαράγδους
2003 537 2177 608 εἶναι
2233 539 2665 626 ἰσομεγέθεις

494 648 593 732 τῷ
636 648 904 732 καρπῷ·
950 643 1069 730 τὴν
1097 647 1219 727 μέν
1246 667 1321 730 γε
1348 641 1644 729 κιθάραν
1691 636 1912 727 αὐτήν,
1959 638 2299 731 ὑπερφυές
2329 667 2398 709 τι
2436 645 2665 730 χρῆμα

496 747 564 828 ἐς
628 748 869 825 κάλλος
932 748 1045 813 καὶ
1101 747 1574 827 πολυτέλειαν,
1638 748 1886 830 χρυσοῦ
1950 745 2072 829 μὲν
2137 747 2256 811 τοῦ
2325 740 2668 833 ἀκηράτου

496 853 756 925 πᾶσαν,
817 860 1142 937 σφραγῖσι
1201 847 1273 914 δὲ
1332 850 1443 915 καὶ
1505 848 1734 925 λίθοις
1788 848 2124 924 ποικίλοις
2166 868 2670 932 κατακεκοσμη-

494 959 728 1039 μένην,
788 953 1091 1018 Μουσῶν
1132 948 1378 1034 μεταξὺ
1435 952 1550 1016 καὶ
1585 945 2016 1026 Λπόλλωνος
2057 950 2170 1015 καὶ
2205 942 2509 1036 Ὀρφέως
2553 942 2671 1015 ἐν-

426 1064 463 1118 9
497 1057 1011 1140 τετορευμένων,
1067 1055 1306 1136 θαῦμα
1361 1055 1530 1138 μέγα
1579 1064 1725 1128 τοῖς
1767 1046 2035 1139 ὅρωσιν.
2126 1056 2184 1117 9.
2233 1048 2385 1117 ἐπεὶ
2433 1044 2494 1116 δ’
2548 1076 2672 1118 ουν

497 1179 670 1221 ποτε
711 1156 821 1221 καὶ
867 1148 1019 1243 ἧκεν
1061 1150 1100 1240 ἡ
1148 1156 1268 1221 τοῦ
1299 1150 1552 1240 ἀγῶνος
1579 1150 1816 1239 ἡμέρα,
1860 1167 2041 1237 τρεῖς
2069 1152 2190 1237 μὲν
2231 1136 2425 1241 ἦσαν,
2470 1150 2673 1236 ε’λαχε

498 1255 571 1323 δε
614 1260 818 1340 μέσος
866 1254 1084 1322 αυτῶν
1127 1252 1163 1322 ὅ
1213 1249 1586 1343 Ευάγγελος
1630 1251 1815 1344 ᾄδειν
1857 1257 1972 1322 καὶ
2017 1252 2188 1338 μετὰ
2236 1258 2502 1322 Θέσπιν
2543 1254 2672 1322 τὸν

502 1363 802 1448 Θηβαῖον
848 1355 924 1425 οὗ
970 1358 1245 1448 φαύλως
1276 1354 1803 1444 ἀγωνισάμενον·
1851 1356 2219 1444 εἰσέρχεται
2262 1350 2421 1436 ολος
2464 1382 2673 1444 περι-

498 1460 930 1546 λαμπόμενος
971 1463 1072 1548 τῷ
1092 1466 1348 1548 χρυσίῳ
1377 1462 1492 1527 καὶ
1536 1472 1679 1538 τοῖς
1710 1459 2123 1546 σμαράγδοις
2150 1462 2262 1527 καὶ
2303 1458 2674 1548 βηρύλλοις

495 1566 609 1631 καὶ
652 1560 1005 1641 ὑακίνθοις
1018 1615 1037 1645 ,
1081 1564 1195 1629 καὶ
1235 1559 1275 1649 ἡ
1322 1560 1646 1650 πορφύρα
1691 1562 1763 1628 δὲ
1807 1560 2136 1647 ἐνέπρεπε
2175 1566 2299 1651 τῆς
2344 1559 2671 1651 ἐσθῆτος,

495 1664 536 1751 ἢ
581 1664 828 1750 μεταξὺ
872 1668 992 1732 τοῦ
1028 1668 1278 1752 χρυσοῦ
1331 1665 1735 1752 διεφαίνετο.
1823 1664 2088 1742 τούτοις
2146 1663 2371 1733 ἅπασι
2414 1689 2671 1751 προεκ-

496 1767 756 1853 πλήξας
781 1767 858 1834 τὸ
890 1771 1189 1852 θέατρον
1217 1769 1330 1834 καὶ
1359 1768 1761 1852 θαυμαστῆς
1804 1764 2081 1845 ἐλπίδος
2112 1764 2462 1851 ἐμπλήσας
2502 1765 2672 1845 τοὺς

496 1870 774 1951 θεατάς,
822 1869 1053 1955 ἐπειδή
1087 1893 1260 1937 ποτε
1299 1871 1412 1935 καὶ
1444 1855 1608 1958 ᾆσαι
1648 1870 1762 1934 καὶ
1790 1873 2151 1954 κιθαρίσαι
2181 1867 2457 1947 πάντως
2499 1868 2667 1950 ἔδει,

500 1968 937 2058 ἀνακρούεται
979 1972 1100 2055 μὲν
1146 1966 1568 2060 ἀνάρμοστόν
1610 1996 1679 2037 τι
1723 1972 1834 2036 καὶ
1873 1964 2309 2053 ἀσύντακτον,
2359 1965 2673 2058 ἀπορρή-

496 2096 687 2160 γνυσι
733 2074 804 2141 δὲ
846 2088 1025 2159 τρεῖς
1067 2072 1209 2157 ἅμα
1244 2071 1498 2157 χορδὰς
1551 2071 2006 2161 σφοδρότερον
2061 2075 2184 2139 τοῦ
2228 2073 2499 2152 δέοντος
2545 2071 2670 2157 ἐμ-

497 2174 727 2243 πεσών
780 2179 864 2264 τῇ
920 2172 1210 2265 κιθάρᾳ,
1269 2171 1456 2266 ᾄδειν
1517 2176 1588 2242 δὲ
1650 2170 1921 2263 ἄρχεται
1977 2168 2374 2259 ἀπόμουσόν
2423 2202 2494 2243 τι
2548 2179 2668 2243 καὶ
2857 2195 2858 2258 y

498 2276 777 2360 λεπτόν,
843 2277 1016 2345 ὥστε
1065 2280 1321 2364 γέλωτα
1377 2279 1500 2362 μὲν
1564 2279 1754 2365 παρὰ
1823 2277 2097 2346 πάντων
2149 2284 2474 2366 γενέσθαι
2525 2282 2670 2346 τῶν
2857 2259 2861 2429 W

496 2385 781 2459 θεατῶν,
825 2378 984 2457 τοὺς
1015 2373 1409 2458 ἀθλοθέτας
1441 2381 1515 2447 δὲ
1545 2374 2131 2469 ἀγανακτήσαντας
2170 2380 2289 2448 ἐπὶ
2329 2385 2417 2470 τῇ
2444 2380 2666 2469 τόλμῃ

493 2479 1049 2567 μαστιγώσαντας
1106 2478 1308 2550 αὐτὸν
1353 2483 1655 2566 ἐκβαλεῖν
1712 2485 1831 2549 τοῦ
1873 2482 2198 2568 θεάτρου·
2257 2474 2504 2570 ὅτεπερ
2548 2484 2667 2550 καὶ

493 2582 918 2670 γελοιότατος
963 2579 1172 2674 ὤφθη
1221 2584 1523 2671 δακρύων
1568 2579 1603 2651 ὅ
1637 2586 1920 2671 χρυσοῦς
1951 2577 2322 2671 Εὐάγγελος
2363 2587 2480 2652 καὶ
2522 2580 2664 2652 ῦπὸ

496 2689 629 2752 τῶν
673 2680 1193 2775 μαστιγοφόρων
1250 2687 1614 2774 συρόμενος
1667 2685 1780 2754 διὰ
1835 2690 2044 2774 μέσης
2104 2690 2221 2776 τῆς
2266 2690 2507 2775 σκηνῆς
2548 2688 2670 2754 καὶ

495 2787 580 2855 τὰ
627 2790 820 2877 σκέλη
865 2793 1441 2877 καθῃματωμένος
1493 2790 1562 2856 ἐκ
1603 2792 1736 2855 τῶν
1776 2795 2122 2876 μαστίγων
2164 2791 2279 2856 καὶ
2324 2790 2664 2875 συλλέγων
2687 2804 2780 2855 1oe

493 2889 797 2975 χαμόθεν
839 2894 958 2976 τῆς
985 2890 1280 2977 κιθάρας
1306 2889 1432 2969 τὰς
1464 2891 1866 2980 σφραγῖδας·
1913 2890 2494 2970 ἐξεπεπτώκεισαν
2535 2888 2669 2979 γὰρ

394 3005 470 3061 10
501 2993 802 3079 κάκείνης
849 2991 1500 3080 ξυμμαστιγουμένης
1546 2986 1745 3078 αὐτῷ.
1826 2999 1922 3061 10.
1967 2993 2203 3080 μικρὸν
2249 2992 2321 3059 δὲ
2365 2990 2669 3075 ἐπισχών

496 3086 639 3176 μετ’
706 3085 905 3158 αὐτὸν
951 3087 1257 3181 Εὔμηλός
1299 3118 1404 3172 τις
1439 3088 1698 3172 Ἠλεῖος
1742 3094 2135 3183 εἰσέρχεται,
2187 3093 2484 3180 κιθάραν
2540 3094 2668 3178 μὲν

497 3191 801 3259 παλαιὰν
846 3193 1031 3276 ἐ’χων,
1078 3193 1376 3273 ξυλίνους
1421 3196 1494 3262 δὲ
1527 3194 1868 3275 κόλλοπας
1912 3196 2353 3285 ἐπικειμένην,
2401 3196 2668 3285 ἐσθῆτα

499 3294 571 3361 δὲ
614 3288 809 3381 μόγις
854 3293 971 3363 σὺν
1001 3298 1100 3382 τῷ
1132 3296 1443 3386 στεφάνῳ
1481 3298 1638 3365 δέκα
1669 3299 1977 3387 δραχμῶν
2011 3293 2232 3377 ἀξίαν·
2280 3292 2426 3364 ἀλλ’
2466 3292 2668 3378 οὗτός

495 3421 569 3484 γε
614 3391 784 3485 ᾄσας
830 3396 1063 3475 δεξιῶς
1104 3400 1219 3465 καὶ
1263 3404 1629 3487 κιθαρίσας
1656 3399 1824 3467 κατὰ
1859 3399 1978 3468 τὸν
2022 3400 2227 3484 νόμον
2271 3403 2390 3488 τῆς
2433 3405 2668 3490 τέχνης

498 3498 758 3622 ἐκράτει
818 3503 931 3567 καὶ
998 3493 1471 3589 ἀνεκηρύττετο
1544 3505 1655 3569 καὶ
1721 3505 1841 3569 τοῦ
1905 3496 2278 3589 Εὐαγγέλου
2341 3505 2666 3590 κατεγέλα

495 3601 710 3691 μάτην
778 3601 1380 3687 ἐμπομπεύσαντος
1442 3607 1528 3694 τῇ
1583 3604 1843 3693 κιθάρᾳ
1901 3607 2015 3672 καὶ
2078 3619 2231 3684 ταῖς
2296 3618 2666 3694 σφραγῖσιν

497 3702 799 3786 ἐκείναις,
842 3708 955 3772 καὶ
999 3703 1217 3772 εἰπεῖν
1258 3729 1332 3791 γε
1375 3706 1639 3791 λέγεται
1681 3707 1856 3795 πρὸς
1914 3701 2149 3775 αυτόν·
2196 3692 2270 3774 Ω
2310 3701 2666 3796 Εὐάγγελε,

498 3804 578 3871 σύ
623 3805 744 3889 μὲν
783 3809 1027 3896 χρυσῆν
1073 3804 1333 3895 δάφνην
1378 3813 1792 3896 περίκεισαι,
1847 3811 2163 3888 πλουτεῖς
2204 3809 2359 3896 γάρ,
2419 3808 2549 3896 ἐγώ
2593 3809 2668 3876 δὲ

497 3902 532 3973 ὅ
579 3911 788 3996 πένης
841 3907 961 3995 τὴν
1003 3908 1378 3997 Δελφικήν·
1433 3909 1610 3998 πλὴν
1666 3905 1867 3980 τοῦτό
1915 3936 1990 3998 γε
2032 3910 2239 3998 μόνον
2282 3906 2504 4001 ὤνησο
2550 3914 2668 4001 τῆς

499 4011 760 4097 σκευῆς,
814 4008 922 4076 ὅτι
977 4010 1145 4097 μηδὲ
1201 4007 1585 4095 ἐλεούμενος
1630 4011 1746 4081 ἐπὶ
1790 4016 1875 4101 τῇ
1930 4006 2091 4103 ἥττῃ
2138 4007 2428 4102 ἀπέρχῃ,
2491 4006 2663 4080 ἀλλὰ
