2867 4525
1073 252 1221 304 ΠΕΡΙ
1257 252 1586 307 ΠΕΝΘΟΥΣ.
2334 257 2410 312 71

250 418 669 505 γεωργήσας,
729 413 844 485 οὐκ
888 419 957 498 ἐς
998 424 1205 508 γῆρας
1250 421 1504 505 ἐλθών,
1561 417 1636 490 ού
1680 424 1958 512 κωμάσῃ
2006 425 2215 491 πάλιν
2260 419 2415 492 οὐδὲ

253 520 639 609 ἐρασθήσῃ,
706 528 960 606 τέκνον,
1031 520 1186 591 οὐδὲ
1251 525 1319 591 ἐν
1386 531 1794 609 συμποσίοις
1849 524 2019 610 μετὰ
2078 530 2211 593 τῶν
2267 523 2416 612 ἡλι-

251 628 514 691 κιωτῶν
557 627 990 714 μεθυσθήσῃ.
1083 634 1180 694 14.
1224 631 1437 693 ταῦτα
1480 627 1553 693 δὲ
1596 629 1710 694 καὶ
1752 625 1837 694 τὰ
1883 632 2164 695 τοιαῦτα
2208 629 2414 718 φήσει
2431 640 2504 695 14

257 727 567 811 οἰόμενος
610 727 727 794 τὸν
776 727 923 796 υἱὸν
970 730 1247 797 δεῖσθαι
1289 730 1411 812 μὲν
1456 729 1556 797 ἔτι
1597 729 1853 796 τούτων
1896 733 2008 797 καὶ
2054 729 2418 815 ἐπιθυμεῖν

252 833 367 896 καὶ
424 829 598 914 μετὰ
642 828 762 916 τὴν
805 832 1147 918 τελευτήν,
1205 825 1282 898 ού
1330 832 1669 898 δύνασθαι
1715 833 1788 898 δὲ
1829 837 2128 917 μετέχειν
2174 830 2414 901 αὐτῶν.

250 938 482 999 καίτοι
524 938 597 999 τί
635 935 851 998 ταῦτα
895 941 1072 1022 φημί
1086 962 1110 1017 ‚·
1151 933 1362 1000 πόσοι
1402 933 1528 1018 γὰρ
1572 936 1682 1000 καὶ
1719 933 1980 1013 ἵππους
2009 939 2122 1003 καὶ
2153 937 2418 1002 παλλα-

252 1035 468 1116 κίδας,
517 1035 585 1101 οἱ
629 1035 703 1102 δὲ
745 1038 855 1102 καὶ
903 1036 1242 1119 οἰνοχόους
1286 1035 1831 1124 ἐπικατέσφαξαν
1873 1040 1984 1104 καὶ
2019 1035 2278 1126 ἐσθῆτα
2307 1041 2419 1105 καὶ

252 1137 401 1204 τὸν
452 1132 654 1203 αλλον
723 1137 974 1221 κόσμον
1044 1138 1575 1226 συγκατέφλεξαν
1640 1129 1683 1227 ἢ
1749 1139 2254 1225 συγκατώρυξαν
2326 1135 2419 1218 ὥς

255 1244 696 1340 χρησομένοις
752 1240 887 1307 ἐκεῖ
938 1243 1049 1307 καὶ
1108 1235 1616 1308 απολαύσουσιν
1663 1234 1881 1307 αυτιῦν
1922 1240 2139 1325 κάτω,·
2231 1248 2328 1309 15.
2373 1238 2502 1309 615

257 1336 324 1409 δ’
378 1340 493 1409 οὖν
539 1343 917 1431 πρεσβύτης
959 1338 994 1409 6
1049 1347 1329 1409 πενθῶν
1373 1339 1623 1409 ούτωσὶ
1666 1346 1876 1409 ταῦτα
1918 1344 2146 1409 πάντα
2190 1340 2421 1411 ὁπόσα

254 1446 492 1533 εἴρηκα
547 1446 661 1511 καὶ
715 1470 815 1511 ετι
872 1444 1124 1511 τούτων
1180 1446 1467 1511 πλείονα
1522 1469 1675 1511 ουτε
1732 1450 1846 1511 τοῦ
1907 1443 2158 1523 παιδὸς
2203 1445 2420 1512 είνεκα

252 1548 627 1634 τραγῳδεῖν
681 1547 891 1614 εὀικεν
942 1585 1027 1596 -
1085 1542 1227 1614 οἶδε
1280 1545 1406 1632 γὰρ
1462 1543 1580 1613 οὐκ
1630 1544 2079 1631 ἀκουσόμενον
2133 1540 2272 1613 οὐδ’
2336 1537 2419 1615 ἂν

251 1648 488 1733 μεῖζον
521 1647 825 1770 ἐμβοήσῃ
869 1652 990 1715 τοῦ
1033 1654 1395 1734 Στέντορος
1440 1684 1521 1695 --
1568 1672 1723 1714 ουτε
1764 1647 1894 1734 μὴν
1941 1644 2178 1714 αὑτοῦ·
2249 1674 2421 1737 φρο-

249 1766 392 1818 νεῖν
461 1776 590 1836 γαρ
657 1743 832 1817 ου’τω
895 1754 1009 1818 καὶ
1063 1749 1448 1835 γιγνώσκειν
1509 1747 1729 1816 ἱκανὸν
1785 1745 1866 1835 ἦν
1923 1753 2035 1816 καὶ
2095 1775 2249 1817 ανευ
2301 1753 2421 1837 τῆς

247 1857 455 1940 βοῆς·
548 1850 766 1929 οὐδεὶς
813 1878 946 1974 γαρ
1007 1852 1086 1937 δη
1136 1848 1311 1938 πρὸς
1354 1849 1590 1918 εαυτὸν
1638 1851 1854 1919 δεῖται
1895 1856 2085 1936 βοᾶν.
2174 1851 2420 1919 λοιπὸν

256 1982 369 2023 ουν
429 1955 616 2022 ἐστιν
674 1948 877 2021 αὐτὸν
927 1957 1060 2021 τῶν
1105 1953 1462 2038 παρόντων
1508 1952 1696 2019 ἕνεκα
1738 1957 1951 2020 ταῦτα
1997 1954 2218 2042 ληρεῖν
2263 1948 2412 2021 ova-9²

169 2051 299 2125 9296
337 2084 410 2125 τι
470 2062 825 2123 πέπονθεν
870 2049 1052 2143 αύτῷ
1094 2052 1130 2122 6
1178 2069 1345 2134 παῖς
1389 2055 1620 2123 ειδότα
1663 2049 1813 2121 συθ)
1866 2048 2030 2122 ὅποι
2074 2055 2417 2145 κεχώρηκε,

247 2162 513 2244 μᾶλλον
557 2160 629 2225 δὲ
675 2154 830 2226 ουδὲ
874 2157 992 2226 τὸν
1018 2164 1172 2244 βίον
1219 2156 1421 2225 αὐτὸν
1470 2155 1874 2236 ἐξετάσαντα
1918 2154 2160 2235 όποῖός
2207 2157 2417 2226 ἐστιν·

249 2257 327 2330 οὗ
387 2261 518 2351 γὰρ
573 2288 654 2328 αν
709 2260 830 2349 τὴν
888 2260 962 2341 ἐξ
1019 2256 1222 2329 αύτοῦ
1277 2261 1689 2345 μετάστασιν
1748 2252 1840 2339 ω’ς
1891 2286 1959 2327 τι
2000 2266 2164 2328 τῶν
2182 2261 2418 2330 δεινῶν

247 2364 736 2450 ἐδυσχέραινεν.
830 2371 926 2433 16.
985 2365 1174 2433 είποι
1229 2358 1284 2430 δ’
1344 2392 1427 2431 αν
1482 2390 1596 2431 ουν
1655 2362 1829 2449 πρὸς
1886 2358 2088 2433 αυτὸν
2147 2361 2183 2432 6
2147 2379 2411 2444 οπαῖς
2429 2377 2502 2433 16

250 2467 852 2555 παραιτησάμενος
892 2467 1012 2533 τὸν
1054 2465 1324 2534 Αἰακὸν
1366 2469 1480 2533 καὶ
1521 2465 1641 2532 τὸν
1676 2460 2007 2535 Ἀιδωνέα
2052 2468 2228 2556 πρὸς
2273 2465 2419 2536 ὀλί-

253 2597 375 2659 γον
414 2574 537 2636 τοῦ
596 2575 877 2651 στομίου
926 2564 1316 2652 ὑπερκῦψαι
1358 2571 1473 2634 καὶ
1513 2567 1631 2634 τὸν
1675 2574 1938 2653 πατέρα
1980 2574 2245 2637 παῦσαι
2287 2596 2419 2653 μα·-

250 2672 648 2753 ταιάζοντα,
700 2658 774 2738 Ὦ
830 2665 1237 2753 κακόδαιμον
1296 2665 1653 2757 άνθρωπε,
1711 2677 1781 2737 τί
1821 2676 2179 2757 κέκραγας,·
2231 2678 2301 2738 τί
2346 2670 2421 2736 δέ

251 2801 375 2860 μοι
436 2780 751 2859 παρέχεις
804 2773 1209 2860 πράγματα,·
1269 2775 1533 2839 παῦσαι
1588 2772 1980 2856 τιλλόμενος
2032 2771 2155 2857 τὴν
2209 2772 2419 2860 κόμην

252 2882 368 2946 καὶ
413 2876 492 2944 τὸ
540 2875 915 2963 πρόσωπον
960 2874 1032 2953 ἐξ
1073 2874 1408 2962 ἐπιπολῆς
1454 2868 1790 2958 ἀμύσσων.
1870 2882 1939 2941 τί
1980 2900 2099 2957 μοι
2144 2875 2420 2962 λοιδορῇ

256 2983 370 3047 καὶ
443 2975 691 3046 αθλιον
755 2971 1123 3055 αποκαλεῖς
1187 2980 1299 3043 καὶ
1368 2976 1703 3061 δύσμορον
1765 2975 1941 3043 πολύ
1997 3001 2117 3042 σου
2172 2976 2419 3060 βελτίω

256 3084 369 3148 καὶ
429 3081 930 3166 μακαριώτερον
988 3084 1452 3167 γεγενημένον,·
1508 3068 1551 3165 ἢ
1600 3086 1671 3146 τί
1715 3102 1826 3147 σοι
1871 3076 2088 3147 δεινόν
2133 3078 2421 3162 πάσχειν

258 3185 474 3268 amaa,-
531 3179 569 3272 ἦ
630 3183 809 3250 διότι
862 3181 952 3267 μὴ
1008 3185 1351 3250 τοιουτοσὶ
1408 3186 1620 3269 γέρων
1666 3181 1976 3271 ἐγενόμην
2023 3180 2165 3259 οἶος
2212 3177 2270 3247 εἶ
2317 3181 2419 3263 σύ,

259 3284 610 3375 φαλακρὸς
661 3285 782 3369 μὲν
839 3283 959 3370 τὴν
1003 3285 1330 3373 κεφαλήν,
1375 3283 1496 3372 τὴν
1542 3285 1614 3351 δὲ
1660 3279 1829 3367 ὄψιν
1875 3282 2416 3370 ἐρρυτιδωμένος,

257 3386 474 3477 κυφὸς
532 3390 644 3454 καὶ
699 3386 785 3452 τὰ
840 3384 1089 3472 γόνατα
1148 3386 1407 3474 νωθής,
1464 3388 1578 3452 καὶ
1624 3378 1798 3464 ὅλως
1838 3381 1977 3452 ὕπὸ
2018 3387 2138 3448 τοῦ
2176 3381 2417 3465 χρόνου

260 3488 530 3575 σαθρὸς
594 3490 855 3566 πολλὰς
920 3487 1285 3573 τριακάδας
1343 3490 1456 3553 καὶ
1515 3481 1944 3571 ὀλυμπιάδας
2001 3479 2413 3572 ἀναπλήσας,

258 3597 371 3661 καὶ
418 3591 505 3659 τὰ
547 3593 898 3658 τελευταῖα
931 3586 1009 3675 δὴ
1040 3591 1252 3654 ταῦτα
1281 3595 1700 3673 παραπαίων
1732 3587 1846 3655 ἐπὶ
1877 3586 2213 3653 τοσούτων
2242 3612 2417 3673 μαρ-

259 3695 480 3781 τύρων
492 3724 516 3777 ,-
571 3677 624 3759 ὦ
679 3691 956 3778 μάταιε,
1011 3697 1079 3757 τί
1136 3715 1246 3758 σοι
1285 3689 1572 3778 χρηστὸν
1626 3687 1801 3757 εἶναι
1845 3689 2026 3758 δοκεῖ
2067 3688 2257 3775 παρὰ
2301 3688 2417 3759 τὸν
2467 3677 2482 3695 ’

261 3802 444 3882 βίον,
504 3789 581 3862 οὗ
635 3799 869 3883 μηκέτι
921 3792 1294 3878 μεθέξομεν
1307 3823 1330 3877 ,·
1386 3781 1428 3881 ἢ
1483 3790 1642 3870 τοὺς
1697 3790 1951 3869 πότους
2002 3789 2174 3879 ἐρεῖς
2218 3792 2417 3878 δῆλον

266 3891 376 3966 ὅτι
417 3899 531 3964 καὶ
574 3894 660 3962 τὰ
705 3897 948 3964 δεῖπνα
990 3899 1102 3963 καὶ
1148 3896 1405 3985 ἐσθῆτα
1448 3896 1561 3961 καὶ
1608 3887 1998 3982 ἀφροδίσια,
2042 3898 2156 3963 καὶ
2192 3894 2419 3972 δέδιας

267 3998 355 4087 μὴ
411 3997 666 4066 τούτων
723 3996 948 4076 ἐνδεὲς
999 3997 1352 4085 γενόμενος
1406 3991 1805 4085 ἀπόλωμαι,
1862 3996 2120 4085 ἀγνοεῖς
2178 3996 2250 4062 δὲ
2306 3987 2417 4063 ὅτι
