2867 4525
928 283 1188 336 LUCIANI
1222 283 1323 337 BIS
1359 284 1761 343 AGGUSATUS.
2296 286 2417 344 267

255 476 305 523 c.
339 460 436 520 20.
468 453 820 537 ἐξετάζεται
865 507 877 522 .
927 508 941 522 .
994 452 1275 540 πότερον
1314 464 1564 541 χοίρων
1609 462 1792 541 δίκην
1840 503 1854 519 .
1901 503 1916 520 .
1961 457 2420 540 ἡδομένους

463 555 610 642 χρὴ
653 566 698 637 β
725 584 746 623 ι
773 585 810 624 ο
834 566 883 623 ῦ
908 583 948 624 ν
980 559 1000 640 fl
1036 564 1160 625 δεῖ
1200 566 1338 642 ζῆν
1381 556 1505 621 ΩΓ
1548 558 1904 643 ἡδομένους
1950 564 2161 624 abesse
2202 568 2419 642 potest,

470 664 650 741 idque
682 663 906 724 delevit
931 663 1195 742 Madvig,
1243 665 1349 725 sed
1384 670 1630 743 propter
1672 668 1918 727 alteram
1962 670 2191 743 partem
2235 662 2422 747 ἡγη-

473 767 872 841 σομένους
914 815 927 831 .
978 816 991 830 .
1040 816 1054 830 .
1106 773 1494 846 φιλοσοφεῖν
1537 771 1604 828 ut
1629 767 1926 829 Lucianus
1958 773 2047 830 est
2075 784 2422 829 numerosae

473 868 751 929 orationis
809 867 1360 929 observantissimus
1420 887 1539 930 non
1593 874 1683 930 est
1737 870 1897 947 quod
1950 871 2417 934 exterminemus.

473 1004 559 1017 --
588 966 830 1034 οὐδὲν
876 967 1113 1044 σεμνὸν
1157 967 1307 1036 ου’ὁὲ
1349 967 1876 1053 μεγαλόφρον
1923 968 2363 1048 ἐπινοοῦντας
2404 967 2425 1052 [Ι

471 1074 668 1152 μηδὲν
700 1066 871 1149 (ΩΓ)
911 1074 1105 1151 μέγα
1152 1072 1547 1150 ἐννοοῦντας
1576 1072 1667 1134 sb
1684 1073 1778 1134 dt.
1811 1075 2152 1135 Promiscue
2192 1073 2426 1134 videtur

473 1171 666 1238 ου’ὁὲν
711 1178 770 1234 et
809 1177 1006 1255 μηδὲν
1051 1175 1319 1236 adhiberi
1358 1180 1424 1236 ut
1459 1176 1595 1236 adv.
1626 1177 1846 1238 indoct.
1877 1196 1928 1240 c.
1965 1180 1998 1237 5
2032 1173 2069 1242 ὁ
2101 1183 2425 1258 κυβερνᾶν

477 1273 622 1340 οὐκ
650 1272 832 1352 εἰδὼς
861 1282 969 1339 καὶ
1001 1271 1292 1353 ἱππεύειν
1320 1274 1417 1359 μὴ
1447 1275 1912 1360 μεμελητηκώς.
1965 1280 2206 1340 Constat
2232 1284 2426 1340 autem

473 1396 592 1439 non
644 1382 765 1439 tam
820 1380 995 1440 certis
1040 1378 1253 1441 finibus
1296 1371 1385 1442 οῦ
1430 1386 1491 1442 et
1530 1373 1627 1462 μὴ
1665 1382 1825 1459 apud
1868 1383 2101 1443 serioris
2147 1383 2427 1458 temporis

476 1482 791 1556 scriptores
850 1481 1112 1543 distineri
1167 1483 1274 1543 sed
1326 1483 1577 1544 motibus
1634 1485 1885 1545 diversis
1928 1486 2104 1543 animi
2147 1489 2428 1561 tanquam

475 1581 657 1643 fluere
687 1600 758 1642 ac
788 1582 1073 1647 fluctuari.
1151 1584 1315 1645 Idem
1354 1586 1614 1646 cernitur
1640 1586 1702 1644 in
1728 1587 1800 1645 iis
1832 1586 2165 1663 enuntiatis,
2209 1586 2272 1644 in
2300 1585 2427 1661 qui-

476 1683 585 1744 bus
629 1685 922 1760 particula
961 1681 1044 1748 ἂν
1073 1685 1418 1746 dominatur.
1478 1686 1711 1764 Nempe
1737 1691 1802 1747 ut
1829 1690 2063 1747 veteres
2095 1689 2431 1747 constanter

475 1785 875 1861 sequebantur
911 1788 974 1846 in
1004 1787 1253 1848 dicendo
1284 1793 1504 1848 certam
1533 1789 1751 1868 legem,
1793 1790 1877 1849 ita
1907 1789 2210 1864 sequiores
2241 1790 2429 1865 magis

475 1888 784 1964 magisque
842 1893 1163 1965 coeperant
1216 1908 1326 1966 pro
1370 1891 1508 1967 lege
1567 1891 1806 1952 obnoxii
1864 1909 1996 1953 esse
2052 1890 2298 1951 libidini.
2346 1924 2430 1933 -

477 1989 593 2048 Pro
634 1984 1052 2072 μεγαλόφρον
1095 1993 1157 2051 in
1186 1989 1265 2051 Ψ
1310 1997 1401 2052 est
1440 1995 1599 2073 μέγα
1641 1992 1739 2071 (cf.
1777 1996 1857 2054 28
1885 1994 2044 2071 μέγα
2076 1986 2431 2073 φρονήσας)

481 2091 640 2167 quod
680 2094 875 2170 aptius
913 2097 1004 2153 est
1032 2095 1304 2169 sequenti
1333 2094 1748 2172 ἐννοοῦντας.
1822 2082 2218 2170 ἐννοοῦντας
2245 2096 2431 2171 scrip-

480 2194 533 2253 si
572 2212 683 2272 pro
742 2195 1169 2273 ἐπινοοῦντας
1214 2198 1357 2257 satis
1400 2201 1540 2258 noto
1586 2198 1744 2274 quod
1794 2200 1947 2258 inter
1985 2201 2297 2274 utrumque
2338 2193 2430 2258 in-

481 2297 731 2356 tercedit
794 2297 1127 2359 discrimine
1142 2344 1159 2377 ,
1229 2318 1345 2376 quo
1412 2291 1706 2365 ἐπινοεῖν
1775 2305 1864 2362 est
1919 2300 2141 2377 aliquid
2191 2298 2430 2379 (obiter)

483 2398 803 2462 observare
844 2402 906 2459 in
950 2401 1150 2478 aliqua
1191 2420 1275 2479 re,
1330 2402 1599 2483 ἐννοεῖν,
1643 2408 1978 2483 penetrare,
2022 2405 2321 2465 insinuare
2366 2420 2433 2464 se

482 2502 544 2562 in
587 2502 847 2577 aliquam
880 2521 1025 2562 rem.
1069 2499 1334 2582 (σεμνὸν
1380 2502 1530 2567 ου’ὁὲ
1570 2524 1684 2566 om.
1713 2507 1777 2564 in
1805 2500 1951 2580 ΩΓ)
1998 2539 2083 2550 -—-
2122 2497 2372 2586 ἤκουον
2415 2500 2436 2585 ΙΙ

486 2598 709 2666 α’κόυω
740 2598 864 2663 ΩΓ
894 2604 1038 2666 Gob.
1072 2605 1210 2666 Ddf.
1242 2642 1327 2651 -—
1355 2603 1526 2687 πλὴν
1570 2603 1668 2671 α’λ.
1718 2607 1990 2669 ἐκεῖνα
2024 2602 2047 2687 ΙΙ
2080 2606 2288 2670 ἐκεῖνο
2316 2605 2431 2666 Bk.

485 2701 645 2770 det.
695 2712 858 2770 τῶν
904 2702 1124 2788 ὅρκων
1157 2706 1179 2786 ΙΙ
1211 2714 1334 2771 τοῦ
1378 2704 1582 2789 ὅρκου

271 2827 319 2873 c.
353 2810 455 2868 23.
485 2804 695 2888 μάτην
719 2802 843 2871 οὖν
866 2805 1252 2885 ἀνελθόντες
1277 2803 1330 2872 ὦ
1347 2829 1381 2871 σ
1398 2835 1419 2872 ι
1442 2806 1462 2892 fl
1482 2810 1721 2871 Addere
1748 2810 1902 2870 solet
1922 2808 1990 2870 L.
2019 2809 2247 2886 θέλεις,
2278 2807 2434 2867 unde

487 2910 746 2986 pendeat
767 2910 1176 2989 conjunctivus
1199 2904 1336 2975 ὦσι.
1390 2913 1548 2973 Nos:
1590 2911 1835 2989 „Sollen
1857 2912 1945 2971 sie
1971 2952 1985 2970 .
2003 2952 2020 2970 .
2039 2952 2055 2968 .
2080 2908 2434 2986 gekommen

489 3010 705 3072 sein?“

275 3132 328 3174 c.
356 3116 458 3174 25.
482 3109 520 3177 ὃ
536 3110 821 3196 Πύρρων
837 3118 903 3178 ὁὲ
918 3112 1068 3179 οὐδὲ
1082 3111 1199 3197 τὴν
1214 3112 1413 3197 α’ρχὴν
1428 3110 1788 3197 ἀνελήλυθε
1809 3119 1916 3179 καὶ
1939 3110 2036 3199 ἐφ’
2051 3137 2163 3177 κει
2186 3118 2334 3177 τοῦ
2345 3136 2435 3178 το

490 3238 590 3297 πρ
605 3211 644 3279 ά
661 3220 699 3294 ξ
712 3239 740 3280 ε
754 3242 775 3279 ι
791 3241 844 3281 ν.
884 3214 907 3298 ss
937 3217 1135 3277 Locus
1158 3219 1604 3279 obscurissimus
1626 3220 1790 3279 varie
1810 3220 2084 3279 tentatus,
2126 3216 2270 3276 Mihi
2291 3215 2438 3277 illud

491 3314 671 3402 ἐῴκει
728 3320 900 3380 simili
942 3321 1236 3380 locutione
1279 3320 1447 3381 verbi
1490 3324 1667 3384 δοκῶ
1709 3320 1942 3381 videtur
1982 3319 2264 3379 illustrari
2308 3338 2439 3379 cum

491 3421 706 3481 futuro.
780 3421 860 3481 Ut
890 3424 1044 3482 enim
1076 3421 1251 3485 δοκεῖ
1282 3440 1330 3481 c.
1361 3422 1468 3483 fut.
1506 3423 1690 3482 veluti
1717 3422 1791 3482 de
1823 3421 1993 3482 domo
2024 3439 2071 3483 c.
2115 3425 2209 3479 15.
2242 3434 2439 3499 προσ-

491 3519 716 3603 θήσειν
760 3547 871 3600 μοι
903 3528 1078 3589 δοκῶ
1119 3525 1278 3585 Pisc.
1326 3543 1376 3584 c.
1418 3528 1512 3588 39.
1568 3519 1729 3586 αῦτὸ
1777 3518 2064 3603 ποιήσειν
2106 3544 2218 3597 μοι
2264 3524 2440 3584 δοκῶ

494 3627 725 3686 accedit
753 3626 831 3686 ad
858 3630 1207 3687 sententiam
1237 3625 1402 3687 volo
1433 3626 1655 3706 aliquid
1680 3627 1886 3704 facere,
1917 3627 2002 3685 sic
2032 3618 2212 3709 ἐῴκει
2241 3629 2438 3688 τοῦτο

495 3724 767 3809 πράξειν
809 3729 1093 3808 siqnificat
1136 3729 1533 3790 videbatur
1576 3729 1639 3789 id
1662 3730 1931 3807 facturus
1960 3745 2089 3797 esse,
2133 3726 2327 3787 addito
2358 3723 2441 3790 οὐ

495 3830 647 3910 quod
672 3830 728 3890 h..
760 3830 797 3892 l.
844 3834 1224 3892 necessarium
1263 3840 1360 3901 est,
1405 3849 1526 3891 non
1570 3830 1871 3890 videbatur
1912 3829 1975 3890 id
2015 3830 2285 3908 facturus
2328 3846 2442 3890 csse

497 3936 539 3993 ι’.
572 3951 619 3992 e.
664 3933 982 4011 nolebat,
1029 3938 1255 4013 opinor,
1302 3934 1365 3993 id
1404 3928 1692 4015 facere>
1718 3967 1805 3977 -—-
1839 3936 1970 3996 καὶ
2001 3933 2239 4013 ξένην
2272 3930 2295 4011 ΙΙ
2326 3948 2424 3992 om

495 4030 639 4116 ΩΓ,
684 4038 886 4114 glossa
926 4056 1126 4115 praec.
1172 4033 1420 4117 καινὴν.
