2867 4525
238 1198 292 1240 c.
322 1184 427 1241 49.

234 1609 291 1651 ο.
317 1595 422 1651 50.

234 2240 290 2283 c.
319 2226 425 2284 51.

240 2873 296 2918 c.
327 2857 431 2916 52.

944 287 1212 343 LUCIANI
1247 288 1332 342 DE
1371 287 1653 344 PARASIT
1663 291 1719 344 Ο.
2298 294 2420 352 213

458 463 581 527 ε’·νδ.
617 462 675 526 A
718 498 804 509 —
846 457 1215 545 θεράποντ’
1257 457 1279 546 Ι
1323 508 1338 523 .
1388 507 1403 524 .
1448 488 1529 528 τα
1557 461 1639 524 Ψ
1682 498 1764 510 --
1806 461 1964 542 τοὺς
2006 460 2424 548 θεράποντας

456 559 482 647 ΙΙ
513 582 627 625 om.
686 561 844 642 τοὺς
887 560 956 625 Ω
1014 598 1089 610 —-·
1155 562 1314 647 μήτε
1372 591 1424 632 τ.
1476 585 1547 648 φ.
1594 562 1614 647 Ι
1658 570 1728 631 εἰ
1777 562 1933 648 μήτε
1987 594 2044 632 τ.
2092 588 2166 650 φ.
2214 567 2292 629 Ψ
2336 604 2420 617 -—

457 660 496 747 ᾖ
540 662 561 748 ΙΙ
604 671 661 731 εἰ
684 667 742 731 A
784 664 823 749 ἢ
869 664 950 727 Ψ
991 699 1077 713 -
1122 662 1425 748 ὀνομάζει
1467 664 1489 750 Ι
1532 668 1669 730 add.
1727 664 1904 735 οὕτω
1964 670 2143 747 οἶμαι
2188 679 2424 736 καλου-

458 770 676 845 μένων
718 777 855 834 τῶν
900 766 1048 835 τότε
1091 776 1471 852 παρασίτων
1501 767 1582 830 Ψ
1610 805 1695 816 -
1734 767 2113 837 ἀτάλαντον
2154 769 2175 855 ΙΙ
2219 824 2233 839 .
2284 825 2298 839 .
2348 798 2422 850 ος

455 866 605 931 ΨΩ
651 902 728 915 —-
779 875 866 948 εἰς
910 872 1121 937 ἐλευθ.
1166 868 1187 955 Ι
1227 869 1402 949 εςΨ
1447 908 1531 919 -
1576 877 1958 938 τοιοίδε
2002 866 2188 952 ὄντες
2231 871 2253 959 Ι
2293 899 2423 940 τοι·

458 982 645 1040 οὗτοι
686 975 742 1039 Δ
788 975 952 1038 add.
995 972 1173 1052 μάλα
1231 972 1468 1054 α’γαθοὶ
1512 970 1719 1039 ΑΩΨ
1767 1008 1841 1021 -·
1892 969 2079 1043 οὗτοι
2124 981 2243 1055 μὲν
2288 975 2362 1059 δὴ
2407 974 2428 1060 Ι

460 1095 575 1139 om.
621 1073 694 1158 δὴ
742 1072 893 1137 ΩΨ

466 1174 542 1243 σὺ
591 1175 2421 1263 δὲΙ..δὲδὴΩΨ-καὶὸὈδ.ΙΙοω.καὶΑ-

459 1278 639 1345 ἀλλ’
688 1276 784 1345 ὃν
829 1282 899 1346 ἐν
944 1284 1209 1367 πολέμῳ
1258 1326 1272 1342 .
1320 1332 1333 1348 .
1387 1327 1403 1344 .
1450 1278 1723 1347 ἑστιάσει
1764 1281 1785 1366 Ι
1829 1276 1986 1349 άλλ’
2032 1281 2112 1349 ὸν
2141 1286 2312 1364 (spir.
2357 1288 2419 1346 in

458 1382 600 1462 ras.)
630 1379 781 1444 ΩΨ
828 1417 910 1431 --·
953 1379 1088 1447 ὑπὸ
1133 1409 1183 1449 τ.
1236 1380 1412 1450 σάκει
1456 1383 1475 1467 ΙΙ
1518 1404 1632 1446 om.
1677 1381 1812 1450 ὑπὸ
1840 1381 1910 1446 Ω
1943 1422 2026 1432 -
2054 1392 2121 1451 εἰ
2160 1392 2268 1453 καὶ
2312 1385 2413 1452 εύ-

464 1482 590 1564 θύς
632 1486 652 1569 ΙΙ
697 1506 810 1549 om.
857 1491 914 1550 εἰ
939 1482 1091 1547 ΩΨ
1133 1520 1218 1532 -
1262 1490 1477 1552 σκέπει
1518 1485 1540 1570 Ι
1583 1488 1838 1552 σκέπειν
1882 1485 1961 1548 Ψ

453 1584 759 1668 βούλεται
802 1585 824 1671 Ι
866 1590 1002 1651 add.
1063 1593 1333 1672 αἱρεῖται
1377 1587 1457 1649 Ψ
1501 1624 1586 1634 -
1639 1595 1748 1684 καὶ
1804 1593 1988 1655 πέσοι
2030 1588 2050 1670 ΙΙ
2096 1594 2422 1673 καταπέση

457 1695 513 1756 A
556 1726 640 1737 —
686 1684 882 1758 οὕτε
924 1702 979 1758 λ.
1014 1684 1105 1775 ΙΙὸ
1147 1701 1200 1758 λ.
1237 1691 1429 1753 Ψ-
1478 1696 1745 1758 σκέπει
1787 1689 1809 1775 Ι
1852 1697 2182 1758 σκέπειν
2213 1692 2292 1754 Ψ
2337 1729 2421 1741 -—

455 1803 673 1872 καλῶς
713 1792 734 1878 Ι]
776 1814 885 1860 om.
937 1791 1088 1855 ΩΨ
1130 1829 1214 1842 -
1269 1792 1457 1874 ἄξιον
1500 1791 1522 1879 ΙΙ
1577 1790 1851 1874 ἀνάξιον
1897 1794 1975 1856 Ψ
2019 1832 2103 1842 -
2149 1792 2362 1874 οὕτως
2403 1793 2424 1878 ΙΙ

454 1949 469 1964 .
521 1943 536 1958 .
582 1921 676 1962 τω
719 1895 800 1958 Ψ
842 1933 926 1945 -
971 1905 1295 1963 τοσοῦτον
1340 1894 1361 1981 ΙΙ
1401 1894 1744 1964 τοσούτων
1785 1894 1865 1959 Ω
1897 1932 1983 1945 -
2030 1904 2209 1965 δοκεῖ
2248 1905 2417 1979 διαφ.

451 1997 571 2081 Ιδ.
614 2004 749 2065 καὶ
810 2004 980 2079 διαφ.
1030 1995 1099 2059 Ω
1143 2034 1225 2045 -—
1273 1998 1573 2064 ἐπιλῦσαι
1616 1997 1638 2083 Ι
1682 2045 1696 2060 .
1748 2049 1762 2065 .
1807 1997 1935 2066 λύ.
1971 2001 2029 2065 A
2074 2037 2157 2047 --
2206 2002 2275 2066 ἐν
2312 2008 2422 2085 τῷ

462 2109 611 2167 πολ.
656 2098 676 2185 ΙΙ
719 2121 833 2164 om.
878 2108 976 2188 τῷ
1019 2097 1170 2161 ΩΨ
1955 2097 1960 2100 “

459 2217 621 2302 αύτὴ
662 2218 717 2303 ἦ
741 2225 852 2304 εἰρ.
898 2216 919 2304 ss
958 2218 997 2304 ἦ
1046 2217 1210 2304 αύτὴ
1244 2218 1319 2281 Ψ
1347 2253 1434 2265 --
1479 2212 1730 2288 οὔκουν
1773 2219 1795 2306 Ι
1838 2217 1922 2288 ου’
1965 2218 2091 2286 κᾶν
2121 2221 2179 2286 A
2210 2218 2420 2288 ου’κᾶν

463 2320 532 2385 Ω
594 2321 844 2390 ούκοῦν
887 2322 969 2384 Ψ
1025 2358 1108 2370 --
1168 2321 1464 2406 πάρεισιν
1506 2321 1528 2409 Ι
1568 2377 1581 2391 .
1634 2377 1647 2392 .
1698 2341 1872 2390 εστιν
1918 2323 1996 2385 Ψ
2042 2358 2121 2370 -
2167 2332 2424 2402 μᾶλλον

464 2434 589 2492 τοῦ
627 2433 877 2509 χωρίου
921 2425 941 2509 ΙΙ
984 2434 1107 2491 τοῦ
1146 2450 1304 2508 χωρ.
1349 2434 1604 2504 μᾶλλον
1644 2422 1714 2487 Ω
1759 2461 1840 2472 --
1884 2423 1965 2493 τὰ
2010 2452 2194 2507 γυμν.
2243 2426 2263 2510 ΙΙ
2308 2448 2419 2493 om.

464 2525 543 2594 τὰ
571 2530 629 2593 A
674 2562 755 2575 —
800 2525 1125 2594 τούτων
1157 2526 1366 2605 οὐδεὶς
1410 2526 1429 2610 ΙΙ
1475 2547 1589 2590 om.
1634 2526 1893 2593 τούτων
1924 2530 1982 2593 A
2029 2565 2109 2576 —
2156 2533 2242 2606 εἰς
2285 2527 2424 2594 τὶν

466 2638 583 2712 γῆν
628 2628 648 2714 ΙΙ
691 2651 806 2694 om.
850 2627 970 2712 τὴν
1000 2627 1069 2692 Ω
1099 2664 1185 2679 —-
1216 2636 1304 2710 εἰς
1342 2647 1538 2708 συμπ.
1568 2628 1588 2713 ΙΙ
1618 2649 1733 2692 om.
1781 2634 1866 2707 εἰς
1897 2625 1967 2690 Ω
1997 2664 2078 2676 -
2111 2631 2180 2694 ἐν
2227 2647 2417 2709 συμπ.

466 2730 631 2815 nom.
678 2733 748 2797 ἐν
778 2735 834 2796 A
877 2765 962 2778 —
1005 2739 1320 2798 τοιοῦτον
1361 2729 1423 2815 Ι.
1459 2756 1574 2808 τος
1607 2729 1681 2792 Ψ
1725 2766 1809 2778 -
1851 2729 2034 2796 κύων
2076 2729 2097 2811 Ι
2139 2750 2251 2793 om.
2282 2733 2340 2796 A

465 2852 690 2938 ἐκείνῳ
732 2847 754 2936 Ι
797 2853 1048 2918 ἐκεῖνον
1077 2848 1226 2913 ΩΨ
1271 2887 1355 2898 -
1397 2858 1629 2917 τοίνυν
1671 2848 1692 2934 Ι
1733 2869 1849 2912 om.
1887 2851 1945 2915 A
1989 2886 2073 2899 --
2117 2851 2245 2916 ἴδοι
2271 2848 2292 2935 Ι
2318 2856 2422 2932 ἲδη

463 2952 541 3014 Ψ
598 2990 683 3000 -
737 2958 936 3032 μέλον
994 2950 1016 3038 Ι
1070 2955 1205 3017 add.
1275 2961 1340 3018 τί
1394 2955 1453 3018 A
1508 2950 1835 3031 μὲλλοντα
1902 2979 1962 3018 τι
2021 2953 2147 3019 ανὶ)
2205 2950 2286 3013 Ψ
2341 2987 2425 3000 -

463 3050 560 3122 ὦν
613 3053 635 3139 Ι
690 3076 805 3119 om.
862 3054 943 3117 Ψ
1000 3091 1080 3102 -
1142 3062 1287 3139 περὶ
1357 3054 1569 3122 αύτοῦ
1617 3056 1637 3138 ΙΙ
1690 3076 1801 3118 om.
1876 3054 2086 3121 αὐτοῦ
2151 3051 2278 3120 ΩΑ
2345 3089 2419 3100 -

464 3154 743 3243 ῥήτορας
789 3163 855 3224 δὲ
898 3154 920 3239 Ι
961 3165 1107 3242 περὶ
1152 3160 1209 3241 ῤ.
1257 3163 1323 3224 δὲ
1365 3160 1423 3224 A
1456 3193 1536 3205 —
1568 3159 1819 3241 αἴσχιον
1867 3156 1886 3242 ΙΙ
1930 3160 2256 3241 αἴσχιστον
2300 3155 2425 3223 ΑΩ

461 3258 496 3324 ὃ
560 3265 678 3338 μὲν
731 3258 752 3344 ss
806 3258 841 3324 ὁ
902 3286 966 3339 μ.
1027 3257 1150 3343 γὰρ
1205 3262 1263 3325 A
1320 3258 1344 3325 ἒ
1414 3257 1537 3343 γὰρ
1582 3258 1663 3320 Ψ
1706 3296 1792 3307 —
1835 3257 1869 3324 ὃ
1933 3265 2161 3325 δεινοτ.
2220 3262 2350 3324 ἐστι
2407 3257 2428 3342 ΙΙ

352 3368 359 3373 ’
464 3383 579 3425 om.
627 3361 705 3423 Ψ
758 3397 846 3409 -
908 3360 1188 3444 δικάζων
1249 3364 1431 3446 δίκην
1476 3362 1495 3446 ΙΙ
1538 3368 1721 3445 δίκην
1779 3368 1893 3428 δικ.
1944 3360 2024 3422 Ψ
2068 3395 2151 3407 -
2195 3359 2364 3426 ἑάλω
2408 3361 2429 3443 ΙΙ

866 3458 1026 3515 ἄλλος

466 3538 793 3612 sequuntur
823 3531 970 3613 (α’λλ
990 3531 1006 3555 ’
1036 3531 1100 3612 ὃ)
1129 3537 1250 3611 μὲν
1281 3529 1517 3611 μισθὸς
1550 3528 1956 3612 σοφιστεύων
1986 3526 2427 3614 εἰσπράττεται

463 3633 622 3713 τοὺς
666 3632 1132 3715 μανθάνοντας
1174 3634 1257 3696 Ψ
1300 3668 1384 3681 -
1429 3631 1604 3717 παρὰ
1646 3642 1785 3713 βασ.
1832 3630 1852 3715 ΙΙ
1897 3630 2073 3716 παρὰ
2116 3641 2240 3698 τοῦ
2280 3640 2420 3712 βασ.

464 3733 534 3798 Ω
579 3772 663 3785 -
709 3743 767 3803 εἰ
807 3741 904 3804 ἔτι
948 3763 1055 3820 πρ.
1101 3736 1121 3822 ΙΙ
1166 3743 1223 3802 εἰ
1263 3757 1378 3800 om.
1411 3733 1558 3817 ΩΔ,
1605 3737 1666 3800 εἴ
1700 3761 1769 3800 τι
1799 3732 1880 3795 Ψ
1920 3769 2005 3782 --
2037 3733 2189 3802 οὐδὲ
2235 3733 2427 3801 αύτὸ

463 3837 482 3923 ΙΙ
527 3837 729 3919 αύτὸς
773 3837 922 3903 ΩΨ

236 3963 296 4006 c.
328 3948 435 4005 53.
482 3938 522 4008 ὃ
567 3939 881 4022 λαμβάνει
910 3940 930 4027 Ι]
958 3941 1107 4008 οἷον
1153 3939 1254 4007 ὅτι
1297 3939 1531 4019 μισθὸς
1563 3938 1599 4006 ὃ
1631 3937 1943 4019 λαμβάνει
1969 3942 2027 4005 A
2055 3976 2141 3988 —
2170 3937 2426 4005 τούτων

468 4047 643 4111 ἐστὶν
703 4044 931 4112 ἂπαντ.
981 4042 1002 4130 ΙΙ
1046 4050 1104 4125 2,
1150 4051 1203 4124 1,
1244 4049 1296 4109 3.
1348 4042 1427 4105 Ψ
1474 4077 1554 4090 -
1600 4048 1730 4108 καὶ
1786 4039 2013 4124 ἥκιστα
2059 4040 2079 4124 ΙΙ
2121 4061 2236 4105 om.
2294 4041 2428 4104 καὶ
