2867 4525
485 308 565 364 42
1280 337 1289 346 ,
1374 299 1784 367 [ΑοΥΚιΑΝοΥ]

481 475 865 564 παράσιτον
911 470 1015 542 ἀεὶ
1065 473 1263 563 δόξης
1305 476 1856 560 καταφρονοῦντα
1905 478 2016 548 καὶ
2065 469 2256 542 οὐδὲν
2297 470 2479 564 αύτῷ
2523 484 2646 562 με’-

482 582 597 646 λον
627 572 718 645 ὧν
752 567 831 644 ἀν
865 578 930 644 οἱ
963 573 1328 662 ἅνθρωποι
1361 576 1640 644 οἴωνται
1671 580 1824 658 περὶ
1862 573 2085 663 αὐτοῦ,
2118 575 2405 667 ῥήτορας
2431 581 2503 647 δὲ
2530 585 2643 648 καὶ

481 672 1131 769 φιλοσόφουςεῧροι
1174 704 1278 756 τις
1325 670 1403 745 ἀν
1453 673 1528 745 οὗ
1572 672 1780 759 τινάς,
1829 672 2000 744 ἀλλὰ
2045 679 2308 759 πάντας
2352 678 2490 750 ὑπὸ
2529 684 2643 750 τύ-

479 808 611 872 φου
657 785 767 849 καὶ
816 775 1012 869 δόξης
1055 787 1435 867 τριβέντας,
1495 783 1602 846 καὶ
1660 776 1736 846 οὗ
1785 779 1981 867 δόξης
2024 781 2262 865 μόνον,
2313 778 2484 851 ἀλλὰ
2530 789 2642 853 καὶ

477 885 514 952 ὃ
560 884 798 952 τούτου
847 884 1109 967 α’ίσχιόν
1156 883 1354 965 ἐστιν,
1410 876 1530 949 ὕπ’
1585 875 1921 968 ἀργυρίου.
2009 887 2121 951 καὶ
2167 882 2202 953 0‘
2250 888 2371 970 μὲν
2418 888 2647 973 παρά-

479 1012 665 1065 σιτος
696 979 907 1064 οὕτως
938 987 1070 1069 ἔχει
1100 985 1277 1072 πρὸς
1309 980 1619 1071 ἀργύριον
1652 980 1744 1062 ιῦς
1777 979 1945 1073 [ούκ]
1981 982 2062 1051 ὅν
2103 1013 2207 1066 τις
2237 986 2435 1078 [οὐδὲ]
2470 990 2646 1075 πρὸς

475 1090 598 1167 τὰς
645 1089 712 1155 ἓν
766 1102 910 1167 τοῖς
968 1088 1301 1175 αἰγιαλοῖς
1358 1087 1670 1176 ψηφῖδας
1724 1080 2031 1176 [ἀμελῶς]
2088 1088 2247 1173 ἔχοι,
2291 1093 2403 1158 καὶ
2453 1091 2644 1160 οὐδὲν

480 1185 662 1278 αύτῷ
708 1191 890 1258 δοκεῖ
936 1193 1284 1279 διαφέρειν
1334 1189 1411 1255 τὸ
1454 1195 1730 1272 χρυσίον
1782 1193 1903 1256 τοῦ
1948 1190 2191 1274 πυρός·
2283 1194 2357 1260 οἵ
2394 1219 2469 1280 γε
2511 1195 2644 1282 μὴν

476 1293 778 1382 ῥήτορες,
823 1295 934 1359 καὶ
982 1292 1018 1361 ὃ
1068 1291 1448 1378 δεινότερόν
1494 1283 1669 1377 ἐστι,
1728 1294 1840 1364 καὶ
1895 1294 1962 1358 οἱ
2008 1295 2414 1383 φιλοσοφεῖν
2461 1297 2644 1385 φάσ-

472 1421 699 1474 κοντες
743 1394 918 1483 πρὸς
973 1388 1141 1461 αὗτὰ
1202 1393 1414 1471 οὕτως
1471 1392 1840 1461 διάκεινται
1881 1395 2410 1479 κακοδαιμόνως,
2474 1392 2644 1467 ὥστε

470 1501 605 1566 τῶν
647 1497 947 1582 μάλιστα
993 1500 1108 1564 νῦν
1169 1491 1706 1581 εὐδοκιμούντων
1746 1497 2144 1625 φιλοσόφων
2192 1536 2273 1545 -
2318 1503 2479 1583 περὶ
2521 1504 2644 1585 μὲν

468 1600 596 1686 γὰρ
644 1621 774 1665 των
820 1599 1123 1720 ρητόρων
1167 1606 1236 1667 τί
1283 1599 1386 1666 δεῖ
1426 1601 1678 1686 λέγειν,
1736 1637 1816 1647 -
1872 1596 1907 1666 ὅ
1953 1601 2076 1684 μὲν
2124 1600 2407 1681 δικάζων
2454 1603 2641 1693 δίκην

471 1701 714 1789 δώροις
767 1697 878 1768 επ’
944 1696 1109 1790 αυτῇ
1162 1701 1371 1779 ἑάλω,
1434 1701 1470 1768 ὃ
1540 1702 1611 1767 δὲ
1671 1699 1859 1786 παρὰ
1915 1703 2250 1787 βασιλέως
2304 1702 2475 1791 ὑπὲρ
2519 1711 2739 1775 τοῦδ’ῒῖ

469 1819 765 1872 συνεῖναι
809 1802 1067 1888 μισθὸν
1113 1804 1292 1871 αἰτεῖ
1331 1806 1445 1872 καὶ
1490 1797 1607 1870 οὐκ
1648 1802 2047 1886 αἰσχύνεται,
2093 1805 2153 1872 εἰ
2198 1804 2298 1873 ε’τι
2329 1809 2625 1895 πρεσβύ-

467 1932 587 1995 της
645 1903 811 1991 ἀνὴρ
873 1906 985 1973 διὰ
1044 1911 1245 1973 τοῦτο
1305 1900 1655 1994 ἀποδημεῖ
1703 1910 1815 1973 καὶ
1856 1912 2281 1995 μισθοφορεῖ
2321 1909 2640 1996 καθάπερ

463 2006 660 2086 Ἰνδὸς
704 1998 745 2096 ἢ
775 2008 1043 2096 Σκύθης
1090 2007 1526 2091 αἰχμάλωτος,
1572 2011 1685 2077 καὶ
1733 2002 1887 2075 οὐδὲ
1935 2003 2092 2076 αὗτο
2142 2008 2219 2077 τὸ
2274 2037 2490 2095 ονομα
2536 2014 2641 2081 αἰ-

381 2109 805 2195 δῧσχύνεται,
851 2137 886 2177 ο
940 2112 1285 2194 λαμβάνει.
1387 2115 1487 2177 53.
1535 2107 1755 2194 εῧροις
1815 2107 1878 2176 δ’
1933 2136 2013 2177 αν
2059 2107 2135 2178 οὗ
2179 2111 2386 2196 μόνον
2427 2118 2641 2181 ταῦτα

469 2215 626 2302 περὶ
674 2211 982 2293 τούτους,
1031 2204 1202 2278 ἀλλὰ
1248 2214 1360 2280 καὶ
1407 2207 1580 2280 ἄλλα
1625 2211 1860 2301 πάθη,
1909 2212 2052 2281 οἷον
2099 2214 2317 2294 λύπας
2360 2220 2476 2285 καὶ
2518 2211 2636 2306 όρ-

466 2316 589 2402 γὰς
630 2316 741 2381 καὶ
790 2313 1097 2402 φθόνους
1138 2317 1250 2382 καὶ
1297 2322 1631 2394 παντοίας
1677 2314 2074 2399 ἐπιθυμίας
2150 2310 2189 2384 ό
2230 2342 2306 2404 γε
2335 2318 2469 2406 μὴν
2498 2344 2635 2386 πα-

468 2418 745 2503 ράσιτος
791 2415 918 2494 ε’ξω
963 2416 1218 2501 τούτων
1265 2415 1447 2483 ἐστὶν
1495 2413 1848 2484 ἁπάντων·
1933 2413 2085 2485 ου’τε
2126 2444 2272 2540 γαρ
2300 2417 2634 2506 ὀργίζεται

470 2513 562 2587 δι’
617 2512 1035 2597 ἀνεξικακίαν
1091 2521 1202 2586 καὶ
1263 2511 1371 2586 ότι
1416 2513 1533 2585 οὐκ
1590 2518 1771 2587 ἐστιν
1833 2546 2010 2607 αυτῳ
2059 2513 2195 2607 ότῳ
2240 2514 2632 2610 ὀργισθείη·

468 2624 580 2688 καὶ
626 2621 685 2688 εἰ
732 2615 1207 2708 ἀγανακτήσειε
1252 2620 1326 2687 δέ
1368 2646 1571 2695 ποτε,
1623 2617 1662 2709 ἡ
1701 2615 1872 2708 ὀργὴ
1924 2617 2127 2689 αὐτοῦ
2166 2623 2469 2706 χαλεπὸν
2511 2627 2629 2711 μὲν

471 2716 623 2790 οὐδὲ
670 2721 1081 2806 σκυθρωπὸν
1139 2717 1333 2790 οὐδὲν
1393 2716 1871 2809 ἀπεργάζεται,
1930 2726 2188 2807 μᾶλλον
2244 2726 2318 2792 δὲ
2373 2730 2631 2814 γέλωτα

465 2828 579 2893 καὶ
625 2819 969 2914 εὐφραίνει
1014 2823 1170 2902 τοὺς
1216 2820 1551 2903 ξυνόντας.
1626 2826 1939 2893 λυπεῖταί
1980 2851 2054 2912 γε
2089 2826 2222 2915 μῂν
2248 2832 2363 2897 καὶ
2392 2827 2629 2918 ἥκιστα

464 2927 769 3002 πάντων,
838 2929 1035 2992 τοῦτο
1103 2950 1222 3050 της
1285 2931 1514 3014 τέχνης
1570 2927 2206 3016 παρασκευαζούσης
2277 2924 2458 3018 αὖτῳ
2517 2937 2626 3000 καὶ

458 3029 914 3152 χαριζομένης,
988 3025 1079 3114 μὴ
1140 3026 1309 3110 ἐχειν
1369 3023 1542 3113 ὑπὲρ
1599 3020 1757 3094 ότου
1816 3031 2193 3119 λυπηθείη·
2293 3027 2447 3100 ου’τε
2501 3034 2628 3158 γὰρ

458 3123 768 3219 χρήματά
828 3127 1030 3253 ἐστινε
1069 3121 1251 3214 αὖτιῦ
1311 3153 1465 3195 ουτε
1523 3125 1701 3208 οἶκος
1760 3125 1912 3198 ούτε
1970 3132 2227 3222 οἰκέτης
2273 3160 2427 3202 ουτε
2469 3136 2624 3223 γυνὴ

466 3256 618 3300 ουτε
664 3230 926 3308 παῖδες,
973 3256 1067 3296 ων
1115 3190 1705 3319 διάφθειρομένων
1745 3237 1938 3300 πᾶσα
1970 3228 2217 3324 ἀνάγκη
2252 3239 2628 3307 λυπεῖσθαι

461 3334 580 3402 τὸν
625 3333 858 3416 ἔχοντα
903 3325 1092 3400 αυτά.
1170 3331 1499 3416 επιθυμεῑ
1543 3335 1615 3401 δὲ
1663 3329 1815 3402 ου’τε
1846 3335 2043 3426 δόξης
2073 3332 2226 3404 ούτε
2248 3341 2623 3428 χρημάτων,

465 3429 616 3503 ἀλλ’
669 3430 823 3502 οὐδὲ
868 3429 1122 3518 ὦραίου
1168 3434 1372 3513 τινός.

373 3552 449 3608 54
639 3544 739 3604 54.
821 3542 1027 3602 TYX.
1090 3530 1279 3602 Ἀλλ
1284 3589 1306 3617 ,
1363 3523 1418 3602 εὖ
1465 3543 1722 3684 Σίμων,
1767 3533 1942 3671 εἰκός
1984 3565 2057 3625 γε
2103 3488 2325 3631 ενδείᾳ
2367 3549 2624 3633 τροφῆς

463 3643 853 3728 λυπηθῆναι
900 3632 1122 3706 αὐτόν.
2149 3691 2154 3695 .

629 3743 849 3805 ΠΛΡ
886 3734 1199 3825 Ἀγνοεῖς,
1247 3768 1299 3807 ω
1339 3680 1730 3833 Τυχιάδη,
1700 3742 1809 3811 ότι
1853 3737 1993 3822 ἐξ
1958 3747 2159 3834 αρχῆς
2204 3690 2359 3813 οὐδὲ
2388 3746 2681 3833 παρά-ι
2635 3757 2714 3807 878

458 3840 646 3918 σιτός
690 3838 869 3909 ἐστιν
915 3837 1139 3920 οὗτος,
1198 3840 1387 3922 ὅστις
1451 3841 1700 3932 ἀπορεῖ
1751 3849 2046 3936 τροφῆς·
2134 3841 2300 3915 οὐδὲ
2330 3848 2457 3933 γὰρ
2506 3845 2620 3915 ἀν-

458 3941 676 4024 δρεῑος
735 3938 994 4033 ἀπορίᾳ
1054 3942 1365 4033 ἀνδρείας
1430 3945 1612 4013 ἐστὶν
1673 3944 2005 4032 ἀνδρεῖος,
2079 3942 2234 4015 οὐδὲ
2291 3949 2619 4037 φρόνιμος

458 4035 739 4132 ἀπορίᾳ
760 4050 1018 4134 φρενῶν
1064 4046 1232 4114 ἐστι
1253 4046 1611 4135 φρόνιμος·
1682 4043 1902 4126 αλλως
1942 4050 2069 4137 γᾲρ
2116 4045 2270 4117 οὐδὲ
2316 4052 2617 4137 παράσι-
