2867 4525
445 299 569 358 268

443 492 494 534 o.
521 476 623 535 27.

1174 298 1556 353 ADNOTATIO
1593 298 1863 353 CRlTlCA.

655 467 695 536 δ’
736 497 797 537 τι
834 467 1144 554 χρήσαιτο
1188 474 1401 558 ἑαυτῷ
1447 470 1570 537 οὐκ
1615 469 1826 538 εἰδότα
1869 472 2009 553 quid
2049 473 2115 534 de
2157 490 2215 534 se
2255 473 2476 552 faceret
2520 476 2614 553 iy-

655 593 884 640 ηοναηε.
978 574 1067 636 Of.
1114 575 1204 640 ad.
1254 576 1550 654 Imagines
1594 576 1713 636 vol.
1745 576 1774 635 I
1817 576 1886 635 P.
1917 575 1976 634 II
2016 593 2077 652 p.
2109 574 2358 636 XCVIII
2397 577 2519 638 vol.
2553 576 2617 636 II

655 678 722 738 Ρ.
766 677 826 738 11
866 697 1008 756 pag.
1062 683 1201 740 169.

444 798 496 841 o.
522 782 618 845 28.
649 781 810 860 μέγα
833 775 1166 861 φρονήσας
1190 779 1265 839 of.
1292 797 1341 839 e.
1370 782 1466 844 20.
1499 781 1695 860 μηδὲν
1715 779 2276 859 μέγαεέννοοῦντα.
2299 813 2388 823 -
2408 776 2614 856 αὐτος

457 3041 505 3084 o.
532 3026 632 3083 29.

460 3652 512 3693 e.
539 3637 637 3693 31.

658 885 724 945 δὲ
768 922 785 942 .
832 922 848 941 .
893 932 907 947 .
956 877 1099 946 τὸν
1145 876 1295 945 α’πὸ
1340 888 1487 946 τοῦ
1532 875 1936 962 σχήματος
1979 877 2099 945 τὸν
2143 878 2468 961 Διάλογον
2504 888 2612 946 Φι-

656 989 974 1062 λοσοφίας
1038 979 1189 1048 υἱὸν
1254 982 1418 1047 εἶναι
1482 977 1835 1062 λεγόμενον
1898 978 2396 1064 ὑπεραγαπήσας
2447 1032 2461 1045 .
2520 1032 2536 1046 .
2590 1031 2605 1047 .

658 1081 873 1171 τούτῳ
920 1080 1176 1149 σύνεστι
1208 1083 1231 1163 ΙΙ
1261 1080 1381 1149 τὸν
1423 1108 1483 1162 γ.
1539 1084 1790 1149 ἐκεῖνον
1844 1080 1993 1149 τὸν
2037 1081 2194 1149 α’πὸ
2237 1090 2387 1149 τοῦ
2429 1078 2613 1165 σχή-

657 1209 906 1264 ματος
959 1191 1468 1264 Φιλοσοφίας
1511 1183 1699 1250 υἱὸν
1745 1185 1958 1251 εἶναι
2002 1181 2447 1267 λεγόμενον
2490 1182 2614 1250 τὸν

660 1283 984 1367 Διάλογον
1026 1284 1244 1373 τούτῳ
1274 1338 1288 1352 .
1328 1331 1341 1347 .
1376 1284 1652 1351 ου’νεστι.
1728 1289 1866 1349 Non
1909 1306 2088 1367 posse
2131 1287 2272 1349 ferri
2312 1283 2432 1352 τὸν
2479 1283 2615 1352 α’πὸ

658 1397 782 1454 τοῦ
812 1385 1128 1470 σχήματος
1158 1409 1233 1450 ex
1258 1391 1332 1450 iis
1364 1392 1576 1470 elucet,
1608 1409 1761 1467 quae
1792 1389 1866 1450 de
1888 1390 2004 1450 hae
2030 1408 2179 1451 voee
2209 1408 2390 1467 supra
2417 1388 2496 1469 (e.
2525 1389 2615 1469 8.)

662 1496 907 1570 exposui
937 1493 1189 1571 ideoque
1235 1494 1512 1553 coniunxi
1553 1488 1670 1555 τὸν
1716 1488 1844 1556 α’πὸ
1891 1499 2014 1555 τοῦ
2058 1488 2374 1573 σχήματος
2424 1498 2616 1556 Φιλο-

661 1600 891 1673 σοφίας
953 1591 1102 1659 υἱὸν
1159 1594 1323 1659 εἶναι
1378 1590 1744 1673 λεγόμενον.
1833 1593 2093 1674 (propter
2145 1593 2618 1674 philosophorum

659 1695 955 1776 habitum).
981 1731 1069 1741 —
1097 1692 1410 1773 κωμικὰ
1444 1692 1820 1777 ἐρωτήματα
1840 1692 1859 1776 ΙΙ
1881 1719 1921 1759 κ
1939 1691 2345 1772 ομματικά
2373 1696 2463 1777 έρ.
2487 1690 2612 1755 ΩΓ

659 1797 730 1857 Id
764 1800 917 1858 enim
945 1800 1097 1859 inter
1121 1799 1475 1859 rhetoricam
1505 1802 1688 1858 artem
1731 1802 1790 1857 et
1826 1797 2241 1875 philosophiae
2284 1816 2618 1858 sermonem

659 1901 944 1960 Interesse
967 1900 1125 1978 dicit,
1156 1904 1221 1960 ut
1239 1900 1620 1978 philosophia
1651 1901 1925 1961 eonfinua
1955 1901 2217 1959 oratione
2243 1903 2459 1979 utatur,
2490 1897 2618 1960 dia-

660 2002 832 2078 logus
876 2003 1100 2062 minuta
1130 2005 1354 2063 tantum
1385 2001 1680 2080 fragmina
1709 2002 1992 2062 sermonis
2024 2001 2317 2061 exhibeat.
2346 2034 2435 2044 —
2461 2007 2620 2082 βρα-

657 2116 791 2183 χετς
818 2127 1001 2180 τινας
1029 2100 1271 2184 λόγους
1301 2101 1392 2167 ἄν
1406 2127 1448 2167 α
1465 2110 1564 2167 πλ
1580 2105 1662 2167 έκ
1678 2123 1784 2166 ων
1813 2106 1922 2165 καὶ
1953 2107 2362 2182 συλλαβίζων
2382 2096 2405 2185 Ι
2425 2094 2467 2164 ae'z'
2481 2126 2521 2167 ν
2537 2125 2620 2165 α-

661 2208 919 2286 λέγων
949 2203 1110 2271 det.
1183 2208 1320 2267 Non
1364 2208 1559 2284 agitur
1588 2205 1663 2266 de
1690 2206 1884 2284 plenis
1916 2207 2147 2266 coronis
2176 2201 2282 2266 sed
2312 2203 2388 2264 de
2418 2205 2618 2283 singu-

663 2309 738 2368 lis
779 2307 937 2368 foliis
993 2310 1273 2384 tanquam
1316 2325 1426 2384 per
1470 2310 1736 2386 syllabas
1779 2302 2169 2386 (κόμματικα
2213 2301 2619 2389 ἐρωτήματα)

664 2427 845 2486 aegre
889 2408 1174 2469 collectis.
1238 2409 1451 2470 Melius
1494 2411 1672 2488 igitur
1714 2427 1892 2487 quam
1935 2399 2422 2473 ἀναπλέκων
2450 2408 2618 2468 vide-

665 2516 760 2571 tur
815 2507 1017 2574 α’ναλ
1036 2510 1271 2589 έγων,
1328 2529 1581 2587 quocum
1638 2514 1939 2588 aptissime
1985 2512 2262 2571 convenit
2317 2514 2617 2586 συλλαβί-

668 2618 799 2693 ζειν
851 2656 869 2673 .
915 2655 931 2672 .
980 2611 1055 2672 of.
1086 2612 1163 2672 de
1207 2613 1428 2674 electro
1467 2631 1517 2674 o.
1553 2617 1609 2673 3.
1658 2610 2092 2692 ἀναλέγοντας
2134 2619 2271 2676 τῶν
2316 2614 2622 2692 αἰγείρων

666 2711 744 2778 τὰ
775 2710 1038 2795 δάκρυα.
1100 2715 1182 2774 At
1212 2715 1483 2776 Piscator
1513 2732 1565 2775 e.
1595 2720 1630 2775 6
1660 2719 1823 2775 recte
1853 2715 1915 2779 εἴ
1936 2739 2032 2792 τις
2064 2712 2357 2790 α’ναλέξ
2372 2717 2623 2777 ασθαί

666 2840 733 2881 τε
755 2813 920 2881 αὐτὰ
944 2816 1268 2880 ἐπίσταιτο
1292 2822 1400 2880 καὶ
1424 2813 1465 2879 α’
1479 2823 1678 2880 ναπλ
1695 2818 1723 2879 έ
1738 2820 1826 2894 ξα
1843 2842 1863 2880 ι
1886 2822 1995 2880 καὶ
2018 2811 2315 2898 ἁρμόσαι.
2339 2848 2429 2859 -
2451 2810 2623 2879 α’λλὰ

670 2919 894 2996 οἶμαι
944 2922 1053 2981 καὶ
1097 2921 1184 2995 εἰς
1231 2919 1482 2983 ἐκεῖνον
1527 2910 1810 2999 ὑβρίζειν
1842 2914 1865 3000 ΙΙ
1897 2915 1977 2983 τὰ
2017 2914 2163 2994 ὅμο
2181 2940 2258 2980 ια
2302 2917 2405 2979 Fr.
2451 2950 2537 2960 —

664 3045 754 3086 το
771 3028 917 3085 ῦτο
968 3022 1111 3096 μὲν
1168 3017 1498 3084 ἀπίθανον
1543 3014 1565 3100 ΙΙ
1611 3015 1956 3099 ἀμήχανον.
2050 3021 2229 3080 Vario
2284 3016 2462 3078 modo
2507 3016 2625 3077 hoe

669 3122 1022 3182 vocabulum
1045 3124 1170 3182 sive
1195 3124 1386 3182 activo
1406 3125 1537 3182 sive
1570 3124 1810 3199 passivo
1842 3139 2020 3182 sensu
2049 3123 2440 3196 nuncupatur.
2491 3120 2625 3180 Hoo

670 3227 864 3282 autem
906 3222 1040 3282 loeo
1082 3224 1143 3282 in
1185 3219 1520 3308 ἀμήχανον
1565 3227 1654 3285 est
1696 3224 2123 3302 corrigendum,
2169 3241 2305 3281 nam
2349 3220 2626 3298 dialogus

666 3343 787 3386 non
815 3326 1012 3402 potest
1054 3342 1185 3385 esse
1215 3326 1328 3387 nisi
1367 3328 1522 3386 inter
1563 3326 1712 3387 duos
1754 3327 1852 3386 vel
1880 3327 2082 3403 plures
2116 3320 2280 3389 κατὰ
2309 3319 2386 3387 τὸ
2420 3330 2626 3406 σχῆμα

668 3434 791 3492 τοῦ
821 3421 1149 3506 διαλόγου,
1182 3427 1332 3488 siout
1361 3429 1576 3489 docent
1603 3446 1756 3504 quae
1787 3431 2108 3503 sequuntur
2136 3422 2219 3490 οὐ
2248 3420 2371 3505 γὰρ
2403 3420 2628 3489 οἷόντε

667 3525 878 3607 μόνον
923 3525 1128 3593 αὐτὸν
1173 3526 1658 3609 ἀπολογεῖσθαι.

668 3633 1247 3712 κοσμουμένην
1280 3627 1303 3712 ΙΙ
1335 3632 1914 3710 κομμουμένην
1947 3629 2087 3692 Oob.
2123 3663 2209 3673 —
2239 3623 2412 3714 φ’ὁάς
2443 3651 2628 3704 τινας

672 3728 1100 3814 ἑταιρικάς
1144 3728 1168 3813 ΙΙ
1213 3727 1606 3813 ἐρωτικάς
1649 3726 1701 3789 Γ
1747 3766 1830 3775 -
1872 3755 1928 3794 τ.
1975 3722 2216 3810 ἄνδρας
2260 3727 2456 3806 τοὺς
2501 3732 2626 3793 δικ.

668 3829 688 3913 fl
736 3852 845 3897 om.
896 3830 1048 3911 τοὺς
1077 3836 1176 3895 Fr.

461 3952 513 3994 o.
540 3938 637 3998 33.
673 3930 1055 4009 ποτώμενον
1089 3932 1112 4017 ΙΙ
1143 3932 1498 4003 πετόμενον
1529 3930 1635 3997 211*
1662 3967 1741 3980 —
1777 3929 2191 4010 κατασπάσας
2220 3928 2373 3996 ‘²²3²
2386 3927 2474 4007 ὸς
2505 3922 2627 4011 ἤδη

673 4029 694 4115 fl
736 4029 938 4097 αὐτὸν
980 4034 1140 4095 det.
1190 4033 1425 4101 αὐτόθι
1471 4037 1571 4097 Fr.
