2867 4525
455 301 495 359 8
1357 294 1733 349 ΔΟΥΚΙΑΝΟΥ
1840 304 1846 310 ’

455 495 624 559 τητι.
705 468 766 536 εἰ
811 469 885 536 δὲ
926 471 1040 536 καὶ
1086 468 1480 557 δημωφελές
1523 492 1592 534 τι
1636 465 1784 552 ἐνῆν
1828 470 1911 556 τῇ
1954 469 2086 555 βοῇ
2130 457 2347 532 αῦτῶν
2391 470 2505 531 καί
2547 469 2624 531 τί

457 566 723 659 ἀγαθὸν
781 570 850 637 ἐκ
905 573 1039 638 τῶν
1096 570 1409 659 ῥημάτων
1469 568 1735 636 ἐκείνων
1796 563 2121 656 ἀνεφύετο
2182 561 2439 646 αὐτοῖς,
2501 559 2623 633 οῦκ

458 664 537 741 ὃν
585 672 803 741 εἰπεῖν
849 672 1086 758 ἔχοιμι.
1163 671 1339 762 πλὴν
1386 666 1557 739 ἀλλὰ
1603 671 1670 739 εἴ
1708 696 1782 759 γε
1829 671 1931 739 δεῖ
1971 671 2179 761 μηδὲν
2210 665 2624 737 ὑποστειλά-

455 800 653 860 μενον
695 769 993 863 τάληθὲς
1038 776 1500 864 διηγήσασθαι
1544 811 1627 823 -
1672 773 1836 841 οἰκῶ
1878 772 2005 861 γὰρ
2050 771 2167 840 ἐπὶ
2200 774 2473 857 σκοπῆς,
2526 767 2625 847 ῶς

456 874 619 967 ὃρᾷς
677 914 763 926 -
822 876 1114 955 πολλοῦς
1173 871 1390 944 αὐτῶν
1449 874 1571 965 ἤδη
1633 875 1958 953 πολλάκις
2017 874 2404 962 ἐθεασάμην
2458 875 2624 959 περὶ

458 980 682 1067 δείλην
728 973 942 1064 ὀψίαν
989 1028 1262 1046 .....

371 1091 442 1147 12
639 1085 736 1147 12.
781 1086 965 1148 AIK.
1026 1074 1344 1164 Ἐπίσχες,
1393 1067 1447 1146 ῶ
1477 1080 1652 1148 Πάν.
1738 1073 1853 1163 οὐχ
1897 1076 1932 1147 ὅ
1961 1076 2192 1168 Ἑρμῆς
2238 1100 2349 1145 σοι
2390 1077 2627 1163 κηρύτ-

455 1208 595 1250 τειν
643 1183 903 1267 ἕδοξενς
1504 1178 1508 1182 ’

627 1290 864 1352 ΠΑΝ.
910 1284 1105 1353 Πάνυ
1149 1285 1272 1370 μὲν
1317 1271 1454 1352 οῦν.

628 1391 837 1455 ΕΡΜ.
897 1386 1204 1454 Ἀκούετε
1260 1387 1421 1469 λεώ,
1483 1381 1732 1473 ἀγορὰν
1779 1387 1975 1454 δικῶν
2021 1379 2254 1475 ἀγαθῇ
2298 1385 2455 1471 τύχῃ
2500 1410 2626 1449 κα-

455 1489 961 1578 ταστησώμεθα
1004 1489 1289 1577 τήμερον
1326 1483 1902 1578 Ἐλαφηβολιῶνος
1947 1487 2196 1576 ἐβδόμῃ
2239 1489 2624 1571 ἱσταμένου.

456 1587 709 1659 ὁπόσοι
751 1591 1019 1680 γραφὰς
1065 1585 1472 1681 ἀπήνεγκαν,
1518 1583 1699 1680 ήκειν
1744 1590 1813 1670 ἐς
1843 1586 2118 1676 ’Ἀρειον
2163 1590 2399 1678 πάγον,
2445 1588 2624 1656 ἔνθα

454 1690 493 1783 ἡ
542 1699 714 1781 Δίκη
763 1687 1231 1784 ἀποκληρώσει
1285 1692 1370 1761 τὰ
1432 1687 1830 1782 δικαστήρια
1886 1695 1995 1759 καὶ
2060 1688 2224 1781 αῦτη
2282 1696 2625 1776 παρέσται

453 1810 598 1874 τοῖς
656 1795 1064 1877 δικάζουσιν,
1139 1797 1207 1863 οἱ
1265 1796 1572 1864 δικασταὶ
1628 1794 1700 1873 ἐξ
1749 1792 2068 1862 ἁπάντων
2114 1790 2533 1884 Ἀθηναίων,
2581 1789 2621 1860 ὃ

455 1897 713 1981 μισθὸς
756 1892 1125 1982 τριώβολον
1171 1894 1449 1986 ἑκάστης
1494 1898 1708 1987 δίκης,
1757 1892 2056 1983 ἀριθμὸς
2098 1901 2233 1965 τῶν
2279 1899 2729 1965 δικαστῶν806

452 1998 623 2066 κατὰ
673 1997 869 2084 λόγον
914 2003 1034 2066 τοῦ
1080 1999 1504 2086 ἐγκλήματος.
1580 1996 1834 2067 ὁπόσοι
1873 2001 1946 2068 δὲ
1993 1994 2413 2084 ἀποθέμενοι
2457 2024 2624 2086 γρα-

457 2100 622 2190 φήν,
684 2105 849 2186 πρὶν
905 2100 1269 2183 εἰσελθεῖν,
1328 2098 1714 2183 ἀπέθανον,
1769 2105 1878 2169 καὶ
1938 2102 2214 2181 τούτους
2270 2099 2305 2169 ὅ
2352 2101 2624 2179 Αἰακὸς

458 2198 952 2290 ἀναπεμψάτω.
1042 2193 1122 2291 ἢν
1181 2203 1254 2271 δέ
1296 2229 1401 2284 τις
1448 2200 1649 2273 ἄδικα
1695 2203 2098 2272 δεδικάσθαι
2144 2204 2397 2293 οἴηται,
2459 2203 2621 2293 ἐφέ-

458 2330 654 2392 σιμον
701 2301 1088 2393 ἀγωνιεῖται
1142 2308 1262 2395 τὴν
1320 2308 1540 2395 δίκην·
1626 2304 1667 2398 ἡ
1727 2308 1800 2375 δὲ
1859 2307 2091 2395 ἔφεσις
2134 2306 2251 2376 ἐπὶ
2295 2305 2412 2375 τὸν
2455 2313 2617 2373 Δία.

626 2414 864 2477 ΠΑΝ.
911 2416 1137 2495 Βαβαῖ
1177 2412 1297 2476 τοῦ
1342 2410 1665 2497 θορύβου,
1710 2406 1958 2499 ἡλίκον,
2004 2396 2057 2475 ῶ
2097 2417 2289 2500 Δίκη,
2337 2405 2618 2497 ἀνεβόη-

457 2530 616 2578 σαν·
696 2508 788 2590 ῶς
844 2511 917 2578 δὲ
975 2514 1087 2579 καὶ
1146 2512 1411 2602 σπουδῇ
1471 2512 1865 2591 ξυνθέουσιν
1942 2511 2237 2591 ἕλκοντες
2292 2505 2620 2598 ἀλλήλους

455 2612 630 2700 πρὸς
674 2613 749 2682 τὸ
801 2609 1076 2692 ἄναντες
1121 2607 1290 2680 εῦθύ
1334 2618 1456 2682 τοῦ
1493 2609 1754 2700 Ἀρείου
1808 2614 2051 2700 πάγου.
2137 2617 2249 2682 καὶ
2295 2610 2330 2681 ὅ
2372 2610 2619 2704 Ἑρμῆς

457 2717 530 2784 δὲ
574 2712 698 2805 ἤδη
746 2717 1088 2801 πάρεστιν.
1182 2708 1355 2783 ὥστε
1410 2710 1601 2801 ὖμεῑς
1642 2717 1763 2802 μὲν
1816 2711 1993 2805 ἀμφὶ
2037 2714 2160 2794 τὰς
2205 2718 2394 2797 δίκας
2440 2716 2620 2800 ἔχετε

453 2823 566 2887 καὶ
627 2812 1086 2907 ἀποκληροῦτε
1140 2820 1252 2886 καὶ
1299 2819 1668 2903 διακρίνετε
1712 2813 1943 2903 ῶσπερ
1994 2815 2149 2903 ῦμῑν
2207 2819 2440 2903 νόμος,
2488 2817 2617 2903 ἐγώ

457 2922 530 2988 δὲ
588 2921 704 2988 ἐπὶ
770 2920 847 2987 τὸ
908 2920 1243 3006 σπήλαιον
1303 2915 1632 2988 ἀπελθών
1690 2922 2048 3006 συρίξομαί
2102 2947 2171 2989 τι
2225 2924 2427 3007 μέλος
2485 2924 2617 2988 τῶν

457 3023 819 3108 ἐρωτικῶν,
880 3014 936 3108 ᾦ
993 3020 1113 3111 τὴν
1159 3017 1334 3105 Ἠχώ
1385 3024 1608 3090 ε’ίωθα
1654 3022 2141 3110 ἐπικερτομεῖν·
2232 3018 2620 3110 ἀκροάσεων

457 3125 529 3192 δὲ
572 3128 680 3191 καὶ
732 3124 946 3210 λόγων
988 3128 1122 3191 τῶν
1169 3128 1524 3192 δικανικῶν
1580 3116 1730 3202 ἅλις
1773 3124 1906 3208 ἔχει
1949 3152 2067 3211 μοι
2112 3123 2439 3217 ὁσημέραι
2482 3129 2619 3193 τῶν

457 3225 525 3292 ἐν
561 3219 808 3313 Ἀρείῳ
853 3226 1052 3313 πάγῳ
1099 3226 1545 3311 δικαζομένων
1591 3221 1921 3295 ἀκούοντι.

366 3338 439 3395 13
633 3335 733 3398 13.
780 3333 990 3396 ΕΡΜ.
1021 3323 1189 3415 ''Ay-9,
1237 3318 1291 3393 ῶ
1332 3335 1525 3416 Δίκη,
1575 3332 2076 3415 προσκαλῶμεν.

624 3437 810 3498 ΔΙΚ.
878 3416 970 3496 Εῦ
1018 3432 1247 3516 λέγεις.
1338 3424 1592 3516 ἀθρόοι
1635 3434 1823 3517 γοῦν,
1877 3429 1968 3511 ῶς
2013 3429 2208 3522 ὁρᾷς,
2257 3432 2618 3511 ξυνθέουσι

454 3535 903 3620 θορυβοῦντες
948 3529 1170 3616 ῶςπερ
1217 3532 1283 3599 οἱ
1329 3535 1579 3619 σφῆκες
1622 3537 2184 3620 περιβομβοῦντες
2227 3533 2346 3621 τὴν
2385 3528 2723 3621 ὂὶκραν.807

623 3638 1169 3701 ΑΘΗΝΑΙΟΣ.
1237 3634 1510 3723 Ε’ίληφά
1557 3659 1652 3718 σε,
1699 3622 1754 3702 ῶ
1799 3637 2148 3723 κατάρατε.

626 3739 1003 3803 ΑΛΛΟΣ.
1071 3742 1543 3824 Συκοφαντεῖς.

597 3843 876 3905 »ΑΛΛ.
944 3839 1212 3918 Διόσεις
1258 3839 1427 3906 ποτὲ
1472 3834 1597 3928 ἤδη
1642 3837 1764 3925 τὴν
1808 3840 2015 3929 δίκην.

625 3944 879 4007 ΑΛΛ.
919 3935 1264 4027 Ἐξελέγξω
1312 3964 1388 4008 σε
1434 3940 1619 4008 δεινὰ
1666 3941 2115 4028 εἰργασμένον.

622 4047 875 4110 ΑΛΛ.
915 4035 1095 4126 Ἐμοὶ
1143 4042 1394 4131 πρώτῳ
1442 4037 1947 4131 ἀποκλήρωσον.
