2867 4525
924 295 1227 349 PflTomN
1264 296 1692 349 ΔΙΔΑΣΚΔΔΟΣ.
2303 298 2382 355 75

234 461 525 541 ἐκείνους
575 459 831 532 όπόσοι
882 465 1002 553 τὴν
1063 463 1292 552 ἑτέραν
1338 465 1710 550 ἐτράποντο
1767 464 1906 533 ἀπὸ
1961 470 2083 532 τοῦ
2123 464 2389 556 ὑψηλοῦ

173 582 201 630 4
228 561 621 631 ἐπισκοπῶν
665 563 735 632 ἐν
775 570 858 653 τᾷ
902 563 1210 655 ὑπωρείᾳ
1246 571 1364 656 τῆς
1406 561 1650 634 ἇνόδου
1697 568 1796 635 ἔτι
1825 568 1993 634 κατὰ
2041 569 2388 653 δυσβάτων

227 669 342 732 καὶ
385 660 773 755 ὀλισθηρῶν
814 671 947 734 τῶν
981 672 1285 757 κρημνῶν
1312 668 1511 752 μόλις
1540 666 1974 754 άνέρποντας,
2020 663 2388 738 άποκυλιο-

228 773 469 851 μένους
511 769 629 836 ἐπὶ
684 770 982 859 κεφαλὴν
1040 769 1254 838 ἐνίοτε
1296 774 1407 837 καὶ
1453 771 1678 837 πολλὰ
1733 771 2083 857 τραύματα
2129 774 2390 858 λαμβά-

227 895 465 947 νοντας
506 875 668 956 περὶ
723 879 1064 958 τραχείαις
1105 886 1256 950 ταῖς
1313 877 1623 957 πέτραις·
1680 871 1757 938 σὺ
1818 874 1892 939 δὲ
1948 871 2082 960 πρὸ
2130 875 2390 941 πολλοῦ

228 966 368 1037 ἅνω
399 971 948 1062 ἐστεφανωμένος
977 968 1572 1060 εὐδαιμονέστατος
1611 975 1728 1061 ἔσῃ
1762 969 2032 1042 ἃπαντα
2063 974 2131 1040 ἐν
2158 982 2396 1060 βραχεῖ

227 1065 358 1139 ὅσα
405 1072 590 1142 ἐστὶν
634 1069 866 1161 ἇγαθὰ
909 1076 1098 1161 παρὰ
1129 1081 1249 1167 τῆς
1281 1077 1632 1164 ῥητορικῆς
1659 1080 2008 1160 μονονουχὶ
2040 1078 2393 1144 καθεύδων

228 1175 475 1260 λαβών.
550 1185 608 1244 4.
652 1174 694 1267 ἦ
737 1180 860 1262 μὲν
904 1179 983 1268 δὴ
1011 1175 1377 1261 ὑπόσχεσις
1419 1172 1594 1245 οὑτω
1638 1178 1922 1266 μεγάλη·
1971 1176 2043 1246 σί
2098 1180 2171 1246 δὲ
2214 1179 2390 1264 πρὸς
2424 1189 2464 1242 4

230 1281 467 1365 φιλίου
522 1280 614 1368 μὴ
677 1278 1058 1373 ἀπιστήσῃς
1069 1335 1089 1364 ,
1148 1281 1210 1348 εἰ
1253 1280 1468 1370 ῥᾷστά
1513 1307 1588 1348 τε
1644 1281 1784 1366 ἅμα
1839 1284 1951 1348 καὶ
1993 1281 2237 1370 ἥδιστά
2282 1306 2393 1349 σοι

227 1392 443 1447 ταῦτα
488 1381 850 1462 ἐπιδείξειν
881 1391 1122 1472 φαμέν.
1195 1373 1237 1470 ἢ
1263 1382 1392 1469 γὰρ
1416 1378 1730 1462 Ἡσίοδος
1765 1384 1888 1466 μὲν
1931 1379 2127 1469 ὀλίγα
2172 1379 2393 1471 φύλλα

230 1482 299 1549 ἐκ
338 1487 465 1549 τοῦ
487 1479 831 1564 Ἑλικῶνος
873 1484 1096 1572 λαβών
1134 1480 1372 1554 αὗτίκα
1413 1484 1598 1569 μάλα
1628 1486 1916 1573 ποιητὴς
1959 1486 2029 1551 ἐκ
2072 1491 2395 1569 ποιμένος

228 1591 514 1673 κατέστη
558 1590 669 1653 καὶ
697 1574 820 1675 ᾖδε
862 1592 1047 1655 θεῶν
1075 1592 1187 1655 καὶ
1216 1587 1455 1675 ἡρώων
1488 1597 1640 1674 γένη
1671 1581 1950 1668 κάτοχος
1993 1585 2063 1652 ἐκ
2092 1591 2396 1654 Μουσῶν

226 1683 600 1772 γενόμενος,
653 1688 900 1777 ῥήτορα
945 1690 1046 1771 δέ,
1093 1689 1131 1757 ὃ
1176 1690 1354 1757 πολὺ
1401 1690 1675 1773 ἔνερθεν
1716 1691 1835 1773 τῆς
1876 1692 2233 1775 ποιητικῆς
2276 1714 2396 1772 με-

226 1792 634 1877 γαληγορίας
676 1794 890 1874 ἐστίν,
938 1787 1264 1859 ἀδύνατον
1307 1794 1720 1878 καταστῆναι
1762 1788 1831 1855 ἐν
1872 1796 2139 1875 βραχεῖ,
2186 1790 2253 1856 εἲ
2292 1815 2397 1868 τις

230 1891 527 1976 ἐκμάθοι
568 1893 689 1980 τὴν
720 1901 1036 1983 ταχίστην
1081 1890 1273 1974 όδόν,·
1318 1901 1376 1960 5.
1409 1888 1502 1970 ὦς
1546 1893 1749 1978 ἔγωγε
1789 1897 1902 1958 καὶ
1932 1892 2396 1981 διηγήσασθαί
2426 1910 2464 1964 5

234 2018 348 2061 σοι
388 1994 726 2079 βούλομαι
767 1997 1097 2064 Σιδωνίου
1139 1995 1324 2073 τινὸς
1380 1995 1685 2079 ἐμπόρου
1733 1993 2043 2062 ἐπίνοιαν
2089 1988 2177 2061 δι’
2230 1991 2398 2061 άπι-

234 2103 431 2163 στίαν
479 2090 678 2187 ἀτελῆ
718 2104 1075 2187 γενομένην
1116 2101 1229 2165 καὶ
1271 2102 1371 2185 τῷ
1416 2094 1775 2164 ἀκούσαντι
1819 2091 2159 2185 άνόνητον.
2241 2084 2398 2188 ἦρχε

232 2199 355 2283 μὲν
397 2198 528 2287 γὰρ
570 2196 695 2289 ἤδη
740 2205 1025 2288 Περσῶν
1062 2196 1501 2285 Ἀλέξανδρος
1555 2199 1724 2284 μετὰ
1777 2198 1897 2286 τὴν
1941 2199 2008 2267 ἐν
2046 2194 2399 2289 Ἀρβήλοις

231 2302 449 2389 μάχην
492 2307 786 2386 Δαρεῖον
826 2305 1257 2393 καθῃρηκώς’
1312 2303 1450 2371 ἔδει
1493 2303 1568 2370 δὲ
1611 2301 1994 2385 πανταχόσε
2035 2306 2155 2392 τῆς
2201 2296 2402 2391 ἀρχῆς

235 2405 509 2471 διαθεῖν
552 2405 710 2482 τοὺς
733 2406 1343 2494 γραμματοφόρους
1379 2403 1465 2470 τὰ
1496 2403 1923 2489 ἐπιτάγματα
1952 2408 2072 2471 τοῦ
2094 2404 2403 2482 Ἀλεξάν-

236 2507 397 2591 δρου
420 2507 830 2589 κομίζοντας.
901 2508 971 2573 ἐκ
991 2511 1276 2593 Περσῶν
1301 2508 1373 2572 δὲ
1395 2504 1612 2594 πολλὴ
1640 2504 1706 2583 ἐς
1729 2506 2090 2593 Αἴγυπτον
2116 2507 2403 2593 ἐγίγνετο

180 2604 270 2696 5ἡ
318 2604 510 2687 ὁδός·
558 2608 967 2695 ἐκπεριιέναι
1008 2609 1131 2696 γὰρ
1180 2609 1317 2675 ἔδει
1357 2607 1447 2674 τὰ
1490 2604 1633 2696 ὅρη,
1681 2604 1826 2673 εἶτα
1871 2607 1985 2674 διὰ
2031 2612 2149 2694 τῆς
2185 2614 2404 2692 Βαβυ-

236 2714 487 2789 λωνίας
532 2711 600 2787 ἐς
640 2712 760 2798 τὴν
790 2706 1115 2796 Ἀραβίαν
1160 2708 1407 2792 ἐλθεῖν,
1457 2705 1604 2777 εἶτα
1648 2708 1897 2797 ἐρήμην
1940 2708 2200 2796 πολλὴν
2247 2708 2406 2775 ἐπε-

238 2814 578 2891 λάσαντας
621 2807 1000 2900 ἀφικέσθαι
1045 2814 1215 2880 ποτὲ
1261 2811 1358 2890 εἰς
1388 2812 1750 2897 Α’ίγυπτον
1789 2812 2004 2878 ε’ίκοσι
2044 2816 2407 2908 μηκίστους

239 2910 435 3001 ἇνδρὶ
467 2908 727 3003 εὐζώνῳ
758 2914 1111 3000 σταθμούς
1138 2914 1415 2991 τούτους
1457 2913 1919 2990 διανύσαντας.
1993 2907 2243 3002 ἤχθετο
2290 2907 2406 2978 οὖν

237 3014 275 3084 ό
301 3012 740 3104 Ἀλέξανδρος
785 3018 901 3085 ἐπὶ
945 3020 1182 3106 τούτῳ,
1230 3016 1409 3084 διότι
1432 3015 1862 3101 Αἰγυπτίους
1901 3041 1969 3082 τι
2014 3028 2408 3099 παρακινεῖν

242 3115 505 3188 ἆκούων
550 3116 667 3187 οὐκ
697 3118 832 3204 εἶχε
875 3121 989 3188 διά
1019 3125 1273 3202 ταχέων
1303 3117 1672 3204 ἐκπέμπειν
1709 3131 1853 3196 τοῖς
1899 3118 2282 3204 σατράπαις
2323 3115 2408 3183 τά

243 3222 571 3289 δοκοῦντά
627 3224 694 3289 οἱ
750 3227 909 3309 περὶ
956 3216 1193 3288 αὐτῶν.
1278 3220 1434 3288 τότε
1493 3222 1572 3308 δὴ
1630 3216 1665 3287 o‘
1722 3220 2049 3297 Σιδώνιος
2094 3220 2408 3305 ἔμπορος,

232 3318 397 3412 Ἐγώ
446 3347 589 3404 σοι,
647 3325 804 3412 ἔφη,
861 3323 915 3390 ὦ
964 3326 1274 3409 βασιλεῦ,
1328 3318 1781 3406 ὑπισχνοῦμαι
1841 3323 2083 3401 δείξειν
2127 3318 2287 3387 ὁδὸν
2332 3315 2409 3386 ού

239 3426 510 3514 πολλὴν
555 3426 625 3491 ἐκ
653 3430 938 3509 Περσῶν
983 3426 1078 3503 εἰς
1105 3426 1496 3510 Αἴγυπτον·
1545 3424 1606 3490 εἰ
1642 3424 1769 3509 γάρ
1799 3450 1905 3502 τις
1947 3422 2279 3507 ὑπερβαίη
2324 3420 2407 3485 τὰ

243 3527 370 3617 ὄρη
419 3533 651 3602 ταῦτα,
697 3523 1027 3614 ὑπερβαίη
1075 3521 1134 3591 δ’
1188 3517 1271 3592 ἂν
1313 3540 1632 3611 τριταῖος,
1681 3520 1918 3593 αὐτίκα
1946 3523 2131 3609 μάλα
2176 3520 2245 3588 ἐν
2273 3521 2414 3588 Αἰ-

242 3633 483 3720 γύπτῳ
508 3631 690 3699 ἐστὶν
714 3623 926 3705 οὗτος.
992 3633 1103 3695 καὶ
1125 3626 1296 3712 εἶχεν
1323 3620 1554 3704 οῧτως.
1621 3626 1799 3713 πλὴν
1822 3619 1862 3694 ὅ
1883 3652 1958 3713 γε
1972 3620 2414 3708 Ἀλέξανδρος

248 3731 370 3801 οὒκ
427 3733 850 3812 ἐπίστευσεν,
911 3724 1080 3796 ἀλλὰ
1137 3730 1347 3818 γόητα
1402 3725 1573 3817 ᾤετο
1632 3725 1807 3796 εἶναι
1854 3727 1975 3793 τὸν
2019 3722 2412 3812 ἄνθρωπον.

250 3830 429 3903 οὕτω
485 3833 563 3900 τὸ
621 3832 1010 3920 παράδοξον
1061 3835 1181 3919 τῆς
1229 3829 1657 3914 ὑποσχέσεως
1708 3824 2002 3896 ἄπιστον
2047 3830 2230 3895 δοκεῖ
2271 3843 2415 3906 τοῖς

248 3940 557 4014 πολλοῖς.
645 3942 704 4002 6.
750 3930 919 4002 ἀλλὰ
976 3933 1066 4024 μὴ
1126 3927 1210 4002 σύ
1264 3959 1339 4018 γε
1393 3936 1633 4022 πάθῃς
1685 3932 1762 3999 τὸ
1823 3926 2021 3999 αὑτό·
2082 3931 2228 4019 εἴσῃ
2283 3929 2412 4016 γὰρ
2446 3949 2486 4002 6

250 4039 674 4125 πειρώμενος
716 4033 806 4115 ὡς
850 4032 1041 4104 οὐδέν
1085 4060 1163 4103 σε
1204 4036 1489 4103 κωλύσει
1526 4032 1651 4125 ἤδη
1700 4034 1951 4126 ῥήτορα
1996 4035 2214 4101 δοκεῖν
2256 4034 2420 4115 μιᾶς
