2867 4525
445 275 570 334 294
1171 273 1553 328 Annorum
1590 272 1860 328 cRrrch.

444 469 491 515 e.
529 454 619 514 17.
655 455 720 513 τί
762 441 926 513 ἄλλο
969 444 1008 529 ἢ
1054 498 1068 513 .
1117 498 1132 513 .
1182 498 1196 513 .
1248 445 1507 512 ω’νεῖται
1540 443 1564 529 ΙΙ
1595 447 1787 508 Etiam
1832 448 2013 508 latine
2057 447 2196 527 quid
2237 447 2402 509 aliud
2429 467 2606 528 quam

654 554 817 621 emit,
885 549 1041 612 nihil
1100 550 1267 611 aliud
1319 569 1493 631 quam
1553 548 1727 612 saltat
1780 550 1997 610 omisso
2045 551 2257 628 prioris
2317 553 2607 612 enuntiati

654 654 853 718 verbo.
900 686 988 697 —
1033 647 1258 735 πρᾴως
1289 647 1313 734 ΙΙ
1345 652 1584 735 ῥᾳδίως
1630 651 1769 712 Cob.

443 761 622 820 ο.19.
655 761 836 832 τίνος
904 749 1092 819 ἕνεκα
1149 798 1165 814 .
1227 800 1243 816 .
1304 796 1322 817 .
1380 750 1784 830 ἐσπούδακας
1854 797 1870 814 .
1926 799 1941 815 .
2000 751 2312 832 ὠφελείας
2378 778 2508 832 μιγ.
2563 751 2601 836 ἢ

647 863 865 938 χρείας
919 863 1029 920 τῶ
1042 880 1082 920 ν
1138 853 1264 920 ἀπ’
1317 853 1540 920 αὐτῶν
1597 852 1750 919 οὐδ’
1806 851 1892 919 ἂν
1943 859 2189 937 οἰηθείη
2231 851 2395 937 τιςΊΙ
2441 862 2603 936 τῆς.

654 958 916 1020 Genitivi
960 956 1272 1038 ὠφελείας
1279 1008 1301 1039 ,
1349 962 1568 1039 χρείας
1609 957 1884 1019 videntur
1928 975 2061 1018 esse
2104 975 2281 1019 sensu
2326 959 2605 1037 suspensi

654 1080 692 1121 a
718 1061 1118 1139 praecedente
1162 1060 1348 1125 ἕνεκα
1386 1094 1475 1105 --
1517 1064 1650 1123 καὶ
1694 1057 1804 1122 ἐπ’
1830 1053 2173 1139 ’ἐλάχιστον
2204 1058 2228 1139 ΙΙ
2259 1056 2400 1123 κᾶν
2431 1058 2602 1121 det.

658 1163 735 1223 οἳ.
766 1165 870 1224 Bis
915 1181 1111 1225 aecus.
1145 1182 1200 1223 e.
1239 1168 1293 1223 1.

443 1284 496 1326 e.
524 1268 620 1330 20.
655 1261 950 1329 λοιπὸν
979 1316 994 1330 .
1046 1309 1062 1325 .
1109 1308 1124 1325 .
1156 1265 1364 1329 έκεῖνο
1408 1265 1833 1339 πεπεισμένον
1864 1306 1881 1323 .
1913 1307 1928 1323 .
1963 1307 1978 1322 .
2011 1259 2102 1340 ὡς
2140 1307 2158 1325 .
2191 1306 2208 1324 .
2239 1307 2255 1324 .
2289 1260 2602 1330 αἰνεῖσθαι

654 1363 736 1431 τὰ
792 1372 1011 1446 βιβλία
1068 1364 1152 1431 ου’
1205 1363 1416 1443 μόνον
1474 1361 1675 1442 καλὸς
1732 1365 1786 1428 εἶ
1845 1409 1861 1424 .
1910 1409 1926 1424 .
1973 1408 1989 1424 .
2036 1409 2051 1425 .
2097 1362 2121 1444 ΙΙ
2165 1361 2402 1429 λοιπὸν
2459 1410 2474 1425 .
2524 1411 2540 1426 .
2585 1411 2602 1428 .

659 1471 953 1534 έκεῖνο.
1000 1470 1215 1548 (det.)
1277 1470 1809 1546 πεπεισμένος
1852 1461 2079 1547 (ΩΨῖῑ
2123 1468 2325 1546 Mun),
2384 1490 2474 1545 ως
2522 1513 2537 1527 .
2585 1512 2601 1528 .

653 1570 853 1649 καλὸς
911 1568 1078 1636 α’λλὰ
1135 1577 1242 1636 καὶ
1289 1568 1497 1650 σοφὸς
1540 1568 1666 1648 (Ψ)
1713 1567 1853 1650 ω’νῇ
1894 1566 1975 1633 τὰ
2017 1574 2236 1649 βιβλία
2274 1578 2366 1614 ’-
2407 1570 2470 1635 εἴ
2505 1595 2604 1648 τις

656 1667 856 1751 ἄλλος
911 1681 1047 1738 τῶν
1103 1669 1234 1737 ὑπὸ
1287 1670 1373 1737 τὸ
1417 1691 1471 1752 ψ
1496 1696 1526 1736 ε
1545 1680 1591 1736 ὕ
1620 1676 1659 1736 δ
1679 1695 1717 1736 ο
1745 1696 1778 1749 ς
1821 1673 2227 1750 τεταγμένων
2269 1669 2289 1756 ΙΙ
2332 1669 2461 1736 ὑπὸ
2507 1680 2604 1758 τῷ

660 1880 833 1956 quasi
874 1878 1156 1958 stipendia
1199 1871 1390 1957 facere
1431 1877 1538 1937 sub
1566 1877 1880 1938 mendacio.
1954 1877 2048 1937 De
2090 1881 2383 1938 structura
2426 1896 2604 1954 qnam

654 1982 884 2042 correxi
926 1979 1002 2046 of.
1050 1979 1284 2043 Timon.
1330 1998 1384 2041 e.
1431 1984 1528 2044 31.
1578 1970 1775 2059 ὄχλος
1829 1986 1965 2044 τῶν
2021 1975 2151 2043 ἱπὸ
2210 1987 2306 2065 τῷ
2363 1987 2403 2042 λ
2432 2003 2519 2056 ιμ
2548 1986 2606 2064 ᾤ

650 2084 1085 2161 ταττομένων.
1170 2083 1367 2161 Fugit.
1416 2087 1476 2162 4,
1521 2079 1775 2161 α’ξιοῦσι
1820 2079 1958 2146 ὑπ’
2003 2082 2103 2159 ἐμ
2129 2087 2217 2147 02
2259 2077 2604 2146 τάττεσθαι

655 2205 709 2247 e.
744 2192 795 2251 6.
847 2182 1084 2264 πάντες
1124 2182 1163 2250 ὑ
1187 2182 1265 2249 π’
1310 2187 1490 2263 ἐμοὶ
1533 2182 1879 2250 τάττονται
1907 2204 1956 2250 e.
2002 2190 2097 2247 16.
2125 2181 2259 2249 ὑπὸ
2289 2191 2393 2271 τῷ
2422 2190 2602 2249 κυνὶ

652 2291 1066 2366 ταττομένων
1139 2291 1234 2349 De
1275 2293 1533 2368 ψευδο
1579 2289 1661 2351 cf.
1689 2290 1870 2351 Arist.
1901 2290 2084 2365 Vesp.
2117 2293 2216 2355 77.
2267 2287 2389 2353 οὐκ
2432 2284 2602 2353 ἄλλα

653 2398 786 2468 φιλ
803 2412 841 2453 ο
885 2393 1003 2466 μὲν
1049 2390 1220 2453 ἐστιν
1265 2386 1426 2472 α’ρχὴ
1470 2398 1592 2456 τοῦ
1634 2398 1844 2455 κακοῦ
1887 2392 2153 2453 Piscator
2197 2409 2251 2451 e.
2283 2394 2385 2451 22.
2431 2393 2602 2469 λέγω

654 2494 719 2555 δὲ
762 2487 882 2573 τὴν
927 2488 1057 2556 α’πὸ
1100 2499 1224 2557 τοῦ
1267 2501 1455 2570 φιλο
1498 2488 1617 2575 τὴν
1662 2490 1864 2574 αόχὴν
1909 2493 2205 2573 ἔχουσαν.

440 2614 493 2656 e.
522 2599 622 2656 21.
654 2602 865 2660 καίτοι
921 2592 999 2660 τὸ
1055 2603 1194 2659 τῶν
1249 2602 1587 2671 μουσικῶν
1646 2602 1880 2674 τοῦτο,
1939 2600 2034 2672 δὶς
2090 2592 2193 2659 διὰ
2237 2601 2468 2658 πασῶν
2513 2591 2600 2659 τὸ

652 2707 972 2780 πρᾶγμα
1001 2692 1135 2780 ἧνΙ
1164 2694 1256 2776 [τὸ
1288 2705 1551 2780 πρᾶγμα
1581 2692 1684 2778 ἦν]
1713 2697 1875 2762 det.
1913 2698 2182 2760 eicienda
2210 2698 2362 2759 haee
2391 2698 2600 2777 verba,

654 2820 808 2878 quae
863 2818 1107 2880 prorsus
1151 2802 1469 2880 languent,
1527 2803 1801 2878 qnoniam
1844 2801 1992 2861 nihil
2035 2799 2311 2862 adferunt
2352 2800 2432 2860 ad
2474 2818 2601 2860 rem

650 2903 1113 2982 promovendam
1138 2902 1413 2980 qnodque
1431 2902 1879 2981 proverbiorum
1903 2907 2134 2964 constat
2149 2903 2446 2980 propriam
2466 2920 2602 2963 esee

651 3006 1058 3067 brevissimam
1103 3007 1428 3066 sententiae
1467 3005 2007 3067 conformationem.
2079 3005 2211 3065 Hoe
2239 3009 2436 3066 antem
2461 3022 2599 3082 pro-

651 3107 917 3168 verbium
946 3124 1044 3167 ree
1072 3108 1224 3167 inter
1253 3124 1319 3167 se
1347 3107 1779 3169 diversissimas
1807 3107 2082 3184 designat
2108 3107 2598 3184 quemadmodum

651 3209 888 3269 ultimus
929 3209 1132 3269 scalae
1176 3211 1236 3268 in
1279 3212 1506 3270 musica
1547 3228 1726 3271 sonus
1753 3211 2096 3288 longissime
2125 3208 2295 3271 abest
2322 3230 2360 3271 a
2386 3213 2597 3289 primo.

653 3311 958 3373 Sententia
1005 3315 1095 3372 est
1136 3312 1347 3389 igitur:
1391 3310 1464 3373 Ac
1507 3311 1680 3373 aliter
1714 3312 1907 3373 cecidit
1936 3330 2046 3373 res.
2119 3310 2275 3374 Nam
2300 3317 2599 3396 utriusque

651 3416 776 3475 viri
810 3415 993 3493 facies
1037 3413 1295 3476 diversae
1335 3422 1491 3486 sunt,
1535 3423 1602 3475 ut
1637 3417 1869 3497 primus
1907 3413 2092 3476 scalae
2125 3433 2304 3478 sonus
2331 3415 2485 3478 abest
2526 3416 2597 3477 ab

650 3513 876 3578 ultimo.
964 3516 1254 3577 Eieienda
1294 3516 1478 3594 igitur
1520 3512 1598 3579 τὸ
1644 3523 1906 3598 πρᾶγμα
1950 3510 2047 3597 ἦν.

436 3638 490 3680 e.
516 3623 612 3684 23.
647 3625 902 3696 μᾶλλον
945 3622 1012 3683 δὲ
1054 3616 1236 3700 μηδ’
1282 3614 1580 3699 α’ποδύσῃ
1613 3616 1637 3699 ΙΙ
1665 3615 1752 3700 μὴ
1782 3614 2054 3680 ΩΨΓΦ
2084 3619 2229 3680 Mnt.
2257 3652 2345 3663 —-
2373 3624 2437 3682 τί
2479 3620 2595 3683 οἴει

651 3724 1089 3799 φαίνεσθαι
1120 3716 1144 3803 ΙΙ
1177 3728 1524 3800 φανεῖσθαι
1570 3721 1709 3782 Cob.

436 3839 491 3883 e.
519 3824 619 3882 24.
650 3817 769 3902 τὴν
814 3817 1299 3888 νεόκτιστον
1343 3818 1590 3905 ταύτην
1634 3828 1846 3888 οἰκίαν
1878 3819 1902 3906 ΙΙ
1933 3817 2377 3904 νεόκτητον
2405 3815 2594 3882 ΩΓΦ

650 3923 794 3983 Mat.

439 4042 493 4083 e.
520 4026 622 4084 25.
653 4020 950 4106 καὶγὰρ
996 4025 1266 4091 ἐκεῖνο
1308 4023 1330 4110 Ι
1370 4025 1708 4093 κάκεῖνα
1750 4024 2001 4094 ΑΩΓΦ
2031 4029 2176 4090 Mut-

653 1779 907 1856 ψεῦδο
952 1778 1480 1855 τεταγμένων.
1511 1774 1677 1836 det.
1752 1776 2015 1852 Imagine
2045 1793 2083 1834 a
2118 1776 2326 1836 militia
2367 1781 2605 1852 sumpta
2688 1775 2693 1780 ’
