2867 4525
461 277 539 336 36
1349 274 1759 339 [ΛΟΥΚΙΑΝΟΥ]

462 448 764 530 δύσωμεν
834 439 1108 523 αὐτούς·
1186 438 1428 531 ἀνάγκη
1502 444 1630 531 γὰρ
1695 443 1851 522 τοὺς
1914 446 2282 528 μέλλοντας
2348 440 2625 524 ὁπλίζε-

462 556 637 617 σθαι
678 551 1104 635 γυμνοῦσθαι
1149 545 1497 631 πρότερον.
1572 550 1719 612 θεαῗ
1765 545 1841 634 δὴ
1888 544 2045 624 τοὺς
2077 542 2344 635 ἄνδρας,
2393 532 2449 612 ὦ
2478 563 2732 634 ssew-864

463 665 638 732 ναῖε,
693 645 854 717 καθ’
915 650 1190 717 ἕκαστον
1240 652 1354 715 καὶ
1415 648 1727 731 δοκίμαζε
1776 646 1861 715 τὰ
1910 650 2213 733 σώματα.
2301 646 2461 725 τοὺς
2504 647 2626 731 μὲν

464 855 883 945 πεφρικότας
942 876 1175 940 ωσπερ
1232 847 1358 942 ἤδη
1404 857 1819 936 τραυματίας
1863 857 2343 938 παρειμένους·
2401 850 2631 939 ἀγῶνα

462 958 584 1042 μὲν
647 956 772 1044 γὰρ
840 958 952 1022 καὶ
1015 954 1231 1043 μάχην
1297 953 1657 1021 σταδιαίαν
1721 958 1838 1022 καὶ
1904 948 2218 1040 ὠθισμὸν
2273 958 2387 1022 καὶ
2445 954 2631 1022 κόνιν

464 1064 574 1127 καὶ
635 1058 986 1142 τραύματα
1036 1056 1125 1143 μὴ
1181 1059 1442 1144 γελοῖον
1494 1084 1534 1144 ῃ
1593 1059 1804 1144 λέγειν
1852 1056 2192 1124 δύνασθαι
2237 1062 2470 1146 φέρειν
2516 1050 2635 1123 ἀν-

465 1155 796 1246 θρώπους
862 1154 1092 1246 ὥσπερ
1160 1159 1453 1235 ἐκείνους
1518 1157 1701 1237 τινὸς
1770 1159 2125 1243 δεομένους
2207 1158 2633 1247 ἀναλήψεως.

383 1269 575 1331 4141.
624 1257 830 1350 αθρει
886 1263 958 1329 δὲ
1015 1261 1225 1328 πάλιν
1280 1259 1578 1345 μεταβὰς
1633 1259 1750 1328 τὸν
1807 1261 2191 1346 παράσιτον
2241 1256 2489 1339 οποῖός
2530 1286 2636 1340 τις

471 1371 807 1454 φαίνεται.
885 1349 989 1453 αρ’
1044 1359 1159 1448 οὐχ
1205 1360 1241 1430 ὃ
1286 1363 1407 1447 μὲν
1452 1362 1527 1429 τὸ
1579 1366 1773 1447 σῶμα
1817 1367 2090 1446 πρῶτον
2135 1362 2354 1442 πολὺς
2395 1366 2510 1430 καὶ
2554 1362 2631 1430 τὸ

469 1471 702 1553 χρῶμα
746 1463 927 1553 ἡδύς,
978 1459 1052 1533 οὗ
1100 1467 1307 1549 μέλας
1354 1466 1425 1531 δὲ
1474 1458 1627 1531 οὐδὲ
1672 1465 1901 1543 λευκός
1945 1503 2029 1514 -
2073 1464 2148 1532 τὸ
2197 1466 2319 1548 μὲν
2362 1491 2493 1552 γαρ
2522 1492 2639 1552 γυ-

473 1575 670 1645 ναικί,
717 1595 792 1635 το
843 1569 915 1636 δὲ
962 1568 1179 1654 δούλῳ
1219 1571 1613 1650 προσέοικεν
1659 1606 1743 1615 -
1789 1566 2027 1635 ε’πειτα
2056 1569 2450 1658 θυμοειδής,
2499 1568 2639 1635 δει-

473 1671 587 1739 νόν
646 1674 918 1757 βλέπων
986 1668 1230 1739 ὅποῖον
1296 1666 1515 1757 ἡμεῖς,
1581 1674 1751 1755 μέγα
1816 1672 1926 1736 καὶ
1980 1662 2313 1758 ῦφαιμον,·
2380 1665 2458 1737 οὐ
2510 1668 2637 1757 γὰρ

471 1772 672 1841 καλὸν
736 1773 1085 1841 δεδοικότα
1152 1774 1262 1839 καὶ
1330 1772 1550 1860 θῆλυν
1615 1764 1981 1858 ὀφθαλμὸν
2040 1770 2107 1849 ἐς
2160 1772 2461 1858 πόλεμον
2515 1778 2640 1861 φέ-

474 1902 634 1960 ρειν.
725 1861 833 1961 ἀρ’
894 1871 1010 1958 οὐχ
1063 1870 1097 1940 ὃ
1155 1877 1461 1950 τοιοῦτος
1511 1871 1715 1949 καλὸς
1766 1872 1887 1954 μὲν
1930 1868 2173 1958 γένοιτ’
2228 1864 2308 1941 ἂν
2352 1878 2467 1943 καὶ
2513 1875 2640 1956 ζῶν

388 1985 463 2040 42
483 1973 788 2064 οπλίτης,
833 1974 1035 2053 καλὸς
1079 1975 1152 2041 δὲ
1195 2001 1305 2041 και
1353 1973 1413 2040 εἰ
1462 1962 1812 2041 αποθάνοι
1858 1972 2149 2065 [καλῶςς]
2206 1983 2307 2044 42.
2354 1976 2528 2044 ἀλλα
2573 1983 2642 2046 τί

479 2079 584 2147 δεῖ
629 2082 844 2146 ταῦτα
896 2072 1174 2157 εἰκάζειν
1220 2075 1491 2159 έχοντας
1536 2068 1755 2143 αὐτῶν
1799 2079 2348 2165 παραδείγματα;
2403 2077 2643 2160 ἅπλῶς

474 2179 602 2269 γὰρ
657 2180 901 2264 ειπεῖν,
958 2179 1026 2246 ἓν
1079 2181 1358 2263 πολέμῳ
1412 2181 1546 2242 τῶν
1593 2177 1876 2246 πώποτε
1922 2181 2217 2270 ρητόρων
2261 2172 2305 2270 ἢ
2352 2183 2642 2274 φιλοσό-

478 2309 626 2373 φων
672 2284 739 2351 οἱ
782 2283 904 2367 μὲν
950 2277 1104 2350 οῦδὲ
1147 2275 1321 2361 όλως
1361 2277 1728 2365 ὑπέμειναν
1773 2281 1898 2360 ἐξω
1942 2287 2063 2351 τοῦ
2099 2291 2359 2368 τείχους
2387 2289 2738 2375 προελ-865

477 2391 660 2468 θεῖν,
715 2385 778 2452 εἰ
831 2386 905 2452 δέ
946 2410 1051 2462 τις
1095 2386 1206 2451 καὶ
1255 2377 1705 2470 ἀναγκασθεὶς
1748 2385 2203 2470 παρετάξατο,
2261 2391 2439 2477 φημὶ
2483 2393 2637 2456 τοῦ·-

476 2513 592 2555 τον
637 2486 928 2555 λιπόντα
971 2485 1091 2575 τὴν
1135 2486 1327 2565 τάξιν
1367 2483 1840 2574 ὑποστρέφειν.

656 2595 865 2657 ΤΥΧ.
913 2585 1021 2668 Ὡς
1072 2589 1431 2673 θαυμάσια
1483 2583 1709 2656 πάντα
1758 2591 1870 2658 καὶ
1931 2583 2121 2658 οῦδὲν
2173 2587 2468 2681 ὗπισχνῇ
2521 2597 2638 2675 μέ-

474 2716 683 2779 τριον.
774 2694 918 2779 λέγε
965 2692 1036 2759 δὲ
1080 2684 1281 2776 ὅμως.

647 2797 870 2862 ΠΛΡ.
923 2798 1075 2861 Τῶν
1118 2794 1239 2877 μὲν
1282 2799 1508 2860 τοίνυν
1553 2792 1851 2881 ῥητόρων
1889 2786 2268 2884 Ἰσοκράτης
2303 2790 2418 2878 οῦχ
2447 2788 2640 2875 ὅπως

479 2893 546 2973 ἐς
589 2892 890 2980 πόλεμον
922 2897 1165 2985 ἐξῆλθέ
1192 2919 1383 2976 ποτε,
1431 2888 1580 2960 ἀλλ>
1621 2888 1761 2960 οὐδ’
1802 2893 1920 2963 ἐπὶ
1952 2891 2381 2985 δικαστήριον
2414 2891 2638 2987 ἀνέβη,

480 2995 593 3064 διὰ
643 2998 927 3081 δειλίαν,
973 2994 1193 3082 οἶμαι,
1240 2995 1351 3064 ὅτι
1394 2989 1550 3062 οὐδὲ
1593 2994 1713 3085 τὴν
1757 2995 1990 3086 φωνὴν
2035 2998 2442 3084 διαρκοῦσαν
2488 2998 2639 3085 εἶχε.

477 3106 548 3166 τί
597 3098 730 3184 ἔτις
782 3094 930 3183 οὗχὶ
971 3098 1297 3188 Δημάδης
1346 3096 1469 3180 μὲν
1520 3100 1631 3165 καὶ
1677 3098 2011 3189 Αἰσχίνης
2053 3103 2167 3169 καὶ
2217 3102 2641 3191 Φιλοκράτης

479 3198 613 3268 ὑπὸ
672 3202 862 3280 δέους
913 3194 1121 3277 εὐθὺς
1170 3202 1255 3288 τῇ
1304 3200 1704 3288 καταγγελίᾳ
1754 3204 1876 3268 τοῦ
1923 3203 2281 3270 Φιλίππου
2336 3207 2640 3291 πολέμου

357 3388 361 3392 μ
479 3303 598 3392 τὴν
645 3303 849 3371 πόλιν
895 3296 1284 3388 προύδοσαν
1326 3304 1439 3369 καὶ.
1486 3303 1668 3389 σφᾶς
1714 3296 1955 3381 αὐτοὺς
1998 3329 2091 3391 τῳ
2144 3306 2484 3396 Φιλίππῳ
2529 3310 2641 3376 καὶ

482 3407 864 3474 διετέλεσαν
887 3399 1262 3491 Ἀθήνησιν
1307 3395 1412 3470 ἀεὶ
1458 3399 1542 3468 τὰ
1590 3402 1839 3471 ἐκείνου
1878 3406 2430 3492 πολιτευόμενοι,·
2473 3402 2635 3476 ωστ’

483 3507 549 3575 εί
586 3533 659 3594 γε
701 3509 814 3573 καὶ
860 3499 1063 3582 ἄλλος
1105 3529 1209 3582 τις
1246 3498 1623 3592 Ἀθηναῖος
1663 3505 1834 3573 κατὰ
1876 3501 2089 3574 ταῦτὰ
2134 3507 2474 3595 επολέμει,
2521 3506 2643 3579 κά-

479 3622 694 3685 κεῖνος
740 3631 809 3673 εν
855 3599 1083 3683 αῦτοῑς
1124 3633 1208 3694 ην
1243 3606 1463 3694 φίλος.
1538 3603 1574 3675 ὃ
1602 3603 1987 3696 Ὑπερείδης
2017 3609 2090 3675 δὲ
2130 3614 2240 3678 καὶ
2269 3616 2644 3702 Δημοσθέ-

482 3735 597 3797 νης
639 3711 753 3775 καὶ
780 3710 1192 3794 Λυκοῦργος,
1240 3707 1313 3775 οἵ
1349 3733 1423 3795 γε
1469 3708 1812 3788 δοκοῦντες
1857 3705 2309 3802 ἀνδρειότεροι
2338 3709 2465 3782 κάν
2494 3731 2648 3796 ταῖς

483 3812 859 3895 εκκλησίαις
889 3804 995 3877 ἀεὶ
1025 3814 1474 3898 θορυβοῦντες
1495 3814 1607 3879 καὶ
1631 3812 2135 3900 λοιδορούμενοι
2158 3817 2257 3902 τῷ
2283 3816 2646 3905 Φιλίππῳ,

481 3919 551 3980 τί
596 3936 764 3979 ποτε
794 3910 1291 3999 ἀπειργάσαντο
1322 3923 1627 4000 γενναῖον
1661 3914 1728 3982 ἐν
1758 3917 1857 4000 τῷ
1887 3913 2061 4002 πρὸς
2093 3915 2295 3984 αὐτὸν
2324 3919 2649 4008 πολέμῳ,·

481 4016 594 4082 καὶ
617 4009 1003 4103 Ὑπερείδης
1031 4016 1154 4100 μὲν
1182 4018 1293 4083 καὶ
1324 4019 1722 4103 Λυκοῦργος
1751 4010 1905 4084 οῦδὲ
1941 4015 2251 4105 ἐξῆλθον,
2299 4012 2448 4087 ἀλλ’
2488 4020 2648 4091 οῦδὲ
