2867 4525
1020 264 1277 319 ΠΔΟΙΟΝ
1312 264 1357 309 Η
1391 265 1600 319 ΕΥΧΑΙ.
2257 265 2375 324 189

197 459 323 501 νον
369 432 494 522 γάρ
540 456 652 502 σοι
693 433 778 501 τὰ
825 433 1014 521 παρὰ
1058 436 1195 501 τῶν
1239 436 1588 519 πολεμίων
1627 433 1885 521 φοβερὰ
1915 419 2016 524 ἦν,
2063 428 2234 501 ἀλλὰ
2264 438 2377 502 καὶ

201 534 573 621 ἐπιβουλαὶ
618 541 853 623 μυρίαι
896 539 1010 603 καὶ
1055 536 1330 625 φθόνος
1373 534 1566 622 παρὰ
1594 538 1731 603 τῶν
1762 536 2095 604 συνόντων
2121 539 2235 604 καὶ
2265 550 2378 621 μῖ-

203 661 331 717 σος
373 640 488 706 καὶ
530 639 862 719 κολακεία,
908 639 1107 726 φίλος
1152 638 1225 705 δὲ
1269 631 1495 718 οὐδεὶς
1540 635 1824 758 ἀληθής,
1872 632 2043 706 ἀλλὰ
2088 637 2262 726 πρὸς
2299 639 2375 707 τὸ

206 740 364 819 δέος
425 764 721 819 απαντες
776 730 819 829 ἢ
863 740 1036 826 πρὸς
1091 739 1212 826 τὴν
1270 739 1522 809 ἐλπίδα
1565 765 1747 810 ευνοι
1790 741 2137 821 δοκοῦντες
2181 738 2376 809 εἶναι.

208 839 595 922 ἀπόλαυσις
638 848 761 928 μέν
801 867 876 930 γε
922 836 1162 911 οὗδὲ”
1120 868 1290 930 οναρ
1332 846 1469 911 τῶν
1510 839 1745 933 ἡδέων,
1790 842 1964 911 ἀλλὰ
2010 843 2174 923 δόξα
2208 844 2376 932 μόνη

205 948 324 1013 καὶ
384 948 730 1036 πορφυρὶς
784 949 1009 1033 χρυσῷ
1065 948 1347 1034 ποικίλη
1402 949 1517 1014 καὶ
1567 953 1797 1015 ταινία
1841 946 2033 1036 λευκὴ
2079 949 2242 1032 περὶ
2283 949 2380 1033 τῷ

206 1042 514 1135 μετώπῳ
569 1051 684 1116 καὶ
743 1048 1113 1136 δορυφόροι
1167 1048 1553 1135 προϊόντες,
1606 1048 1693 1116 τὰ
1751 1043 1818 1116 δ’
1871 1045 2043 1116 αλλα
2085 1049 2382 1135 κάματος

209 1144 560 1240 ἀφόρητος
611 1153 725 1220 καὶ
785 1144 991 1239 ἀηδία
1045 1151 1297 1240 πολλή,
1353 1155 1467 1220 καὶ
1521 1178 1563 1241 η
1610 1152 2036 1241 χρηματίζειν
2093 1151 2197 1221 δεῖ
2237 1165 2382 1230 τοῖς

210 1251 408 1339 παρὰ
464 1256 600 1321 τῶν
651 1255 999 1339 πολεμίων
1040 1247 1314 1343 ἣκουσιν
1368 1244 1412 1341 ἢ
1473 1253 1763 1335 δικάζειν
1815 1244 1860 1344 ἢ
1909 1261 2381 1340 καταπέμπειν

209 1368 363 1435 τοῖς
405 1352 732 1444 ὑπηκόοις
775 1356 1228 1444 ἐπιτάγματα,
1270 1359 1382 1426 καὶ
1424 1353 1582 1447 ἤτοι
1623 1350 1964 1447 ἀφέστηκέ
2000 1383 2072 1426 τι
2109 1347 2382 1435 ἔθνος
2340 1383 2379 1444 η

214 1457 665 1526 ἐπελαύνουσί
719 1482 901 1538 τινες
956 1461 1094 1525 τῶν
1139 1457 1267 1537 ἔξω
1311 1461 1431 1547 τῆς
1476 1451 1692 1548 ἀρχῆς.
1786 1460 2079 1528 δεδιέναι
2122 1445 2239 1526 οὖν
2283 1459 2385 1526 δεῖ

217 1558 453 1626 πάντα
504 1563 617 1628 καὶ
672 1555 1106 1647 ὑφορᾶσθαι,
1163 1561 1275 1627 και
1321 1551 1498 1638 ολως
1539 1555 1675 1627 ὑπὸ
1723 1558 2001 1627 πάντων
2042 1561 2298 1643 μᾶλλον
2340 1585 2379 1645 η

213 1656 356 1732 ὕπὸ
404 1665 691 1729 σεαυτοῦ
729 1659 1341 1747 εὐδαιμονίζεσθαι.
1432 1668 1535 1730 40.
1579 1664 1693 1729 καὶ
1734 1662 1858 1748 γὰρ
1905 1686 2023 1729 ουν
2064 1664 2177 1730 καὶ
2219 1661 2378 1728 τόδε
2411 1668 2489 1725 40

216 1767 375 1841 πῶς
417 1756 494 1831 οὗ
538 1764 885 1847 ταπεινόν,
930 1763 1044 1832 ὅτι
1084 1767 1199 1833 καὶ
1247 1778 1470 1843 νοσεῖς
1509 1763 1596 1831 τὰ
1641 1761 1850 1848 ὅμοια
1892 1776 2037 1843 τοῖς
2082 1763 2386 1843 ἰδιώταις

215 1868 333 1933 καὶ
379 1861 415 1933 o‘
463 1864 754 1952 πυρετὸς
797 1859 875 1933 οὗ
921 1865 1346 1953 διαγινώσκει
1389 1889 1466 1934 σε
1490 1867 1776 1951 βασιλέα
1805 1862 1967 1934 ὄντα
1998 1860 2145 1935 οὐδ’
2183 1861 2220 1935 ὅ
2253 1865 2384 1933 θά-

217 1991 420 2047 νατος
464 1966 643 2036 δέδιε
682 1968 839 2047 τοὺς
883 1962 1318 2057 δορυφόρους,
1366 1961 1519 2035 ἀλλ’
1556 1966 1860 2050 ἐπιστάς,
1909 1964 2174 2036 ὁπόταν
2203 1962 2386 2056 αὐτῷ

219 2070 413 2154 δοκῇ,
461 2064 610 2156 ἄγει
654 2069 1025 2155 οἰμώζοντα
1070 2064 1189 2138 οὐκ
1233 2069 1631 2156 αἰδούμενος
1672 2068 1750 2139 τὸ
1798 2070 2094 2159 διάδημα
2107 2100 2129 2153 ,·
2186 2068 2265 2137 σὺ
2314 2069 2387 2137 δὲ

216 2168 256 2241 ὃ
308 2164 522 2252 οὕτως
562 2167 832 2261 ὖψηλός
858 2172 1262 2241 καταπεσών
1294 2166 1734 2252 ἀνάσπαστος
1778 2172 1849 2240 ἐκ
1890 2176 2011 2241 τοῦ
2036 2175 2386 2258 βασιλείου

218 2276 481 2364 θρόνου
523 2277 645 2365 τὴν
690 2271 899 2365 αυτὴν
943 2274 1181 2346 ὅδὸν”
1136 2303 1305 2347 απει
1333 2292 1480 2358 τοῖς
1506 2280 1810 2361 πολλοῖς,
1858 2277 2163 2362 ἰσότιμος
2193 2277 2389 2345 ἐλαυ-

218 2379 503 2465 νόμενος
547 2379 617 2447 ἐν
660 2383 747 2470 τῇ
792 2376 993 2468 ἀγέλῃ
1037 2406 1173 2448 των
1217 2384 1483 2468 νεκρῶν,
1522 2385 1721 2465 χῶμα
1760 2377 2027 2469 ὑψηλὸν
2069 2376 2242 2466 ὑπὲρ
2271 2383 2389 2470 γῆς

219 2485 336 2550 καὶ
395 2481 642 2572 στήλην
700 2481 964 2569 μακρὰν
1017 2472 1061 2573 ἢ
1118 2483 1474 2570 πυραμίδα
1531 2508 1909 2569 ευγραμμον
1965 2481 2088 2561 τάς
2140 2489 2388 2569 γωνίας

221 2579 624 2667 ἀπολιπών,
680 2584 1122 2670 ἐκπρόθεσμα
1162 2588 1275 2653 καὶ
1323 2579 1803 2708 ἀνεπαίσθητα
1849 2583 2387 2672 φιλοτιμήματα·

223 2687 477 2766 εἰκόνες
521 2688 595 2755 δὲ
640 2686 887 2757 ἐκεῖναι
928 2689 1041 2756 καὶ
1086 2687 1248 2774 νεώ,
1310 2711 1426 2766 ους
1472 2681 1823 2754 ἀνιστᾶσιν
1868 2687 1942 2753 αἱ
1984 2685 2221 2764 πόλεις
2266 2691 2390 2751 θε-

113 2815 204 2866 2τ5
230 2790 674 2876 ραπεύουσαι,
718 2792 830 2857 καὶ
873 2789 951 2858 τὸ
997 2794 1168 2877 μέγα
1211 2784 1428 2874 ὄνομα
1472 2788 1699 2856 πάντα
1727 2780 1877 2855 κατ’
1914 2781 2141 2874 ὀλίγον
2172 2780 2391 2875 ἀπορ-

223 2906 331 2980 ρεῖ
373 2896 488 2961 καὶ
538 2888 815 2961 ἔπεισιν
860 2886 1300 2977 ἀμελούμενα.
1388 2881 1466 2977 ἢν
1510 2890 1585 2958 δὲ
1625 2893 1740 2959 καὶ
1784 2882 1894 2959 ὅτι
1931 2888 2230 2975 μάλιστα
2275 2888 2394 2957 ἐπὶ

226 2995 553 3063 πλεῖστον
600 3001 1004 3082 παραμείνῃ,
1051 3001 1156 3072 τίς
1201 2994 1303 3062 ἔτι
1346 2986 1727 3072 ἀπόλαυσις
1771 2986 2168 3081 ἀναισθήτῳ
2215 2987 2393 3078 αὐτῷ

223 3107 598 3184 γενομένῳ,·
653 3092 817 3184 ὁρᾷς
876 3096 991 3165 οἶα
1047 3097 1168 3181 μὲν
1214 3096 1317 3165 ἔτι
1360 3095 1489 3176 ζῶν
1533 3094 1704 3174 ἕξεις
1746 3095 2111 3183 πράγματα
2156 3090 2395 3171 δεδιώς

224 3202 342 3267 καὶ
390 3198 764 3327 φροντίζων
809 3201 921 3267 καὶ
963 3199 1250 3283 κάμνων,
1302 3197 1415 3265 οἶα
1462 3199 1536 3266 δὲ
1575 3201 1686 3266 καὶ
1731 3197 1901 3283 μετὰ
1931 3197 2053 3286 τὴν
2085 3191 2396 3264 ἀπαλλα-

223 3300 351 3391 γὴν
399 3301 612 3369 ε’σται.

403 3409 512 3470 41.
548 3395 743 3470 Ἀλλ’
778 3398 905 3492 ἤδη
938 3402 1058 3470 σὸν
1090 3402 1321 3485 αἰτεῖν,
1370 3428 1423 3468 ω
1463 3403 1778 3487 Τιμόλαε,
1822 3404 1935 3469 καὶ
1964 3400 2156 3478 οπως
2184 3396 2392 3484 ὕπερ·-
2429 3418 2499 3471 41

223 3508 402 3594 βάλῃ
461 3503 771 3587 τούτους,
832 3497 1062 3593 ώσπερ
1110 3504 1286 3584 εἰκὸς
1332 3501 1542 3592 ἄνδρα
1588 3502 1861 3572 συνετὸν
1902 3505 2015 3571 καὶ
2047 3493 2395 3587 πράγμασι

223 3612 535 3699 χρῆσθαι
581 3606 831 3675 εἰδότα.

414 3715 613 3778 ΤΙΜ.
670 3710 922 3778 Σκόπει
964 3714 1142 3798 γοῦν,
1188 3736 1241 3776 ω
1289 3717 1564 3791 Λυκῖνε,
1611 3709 1677 3775 εἴ
1714 3734 1784 3775 τι
1828 3706 2246 3793 ἐπιλήψιμον
2294 3732 2400 3774 ευ-

234 3816 443 3900 ξομαι
486 3805 683 3879 20:2⁰
645 3838 680 3879 ο
725 3839 796 3881 τι
840 3840 922 3880 αν
968 3807 1252 3880 εὐθῦναί
1294 3837 1399 3891 τις
1445 3812 1789 3900 δυνηθείη.
1845 3809 2089 3896 χρυσὸν
2133 3809 2254 3894 μὲν
2286 3834 2400 3876 ουν

232 3919 349 3984 καὶ
393 3913 787 4001 θησαυρους
831 3917 941 3982 καὶ
985 3915 1348 3999 μεδίμνους
1392 3918 1805 3998 νομίσματος
1842 3901 1885 4001 ἢ
1912 3912 2262 3998 βασιλείας
2290 3913 2401 3977 καὶ

234 4022 585 4104 πολέμους
649 4020 760 4084 καὶ
830 4017 1113 4101 δείματα
1177 4014 1350 4104 ὑπὲρ
1405 4019 1525 4102 τῆς
1584 4009 1785 4104 ἀρχῆς
1844 4014 2117 4091 εἰκότως
2175 4014 2402 4098 διέβα-
