2867 4525
772 264 1014 318 LUGIAN
1019 266 1037 317 1
1074 264 1289 319 RHETO
1297 265 1434 318 RUM
1475 263 1918 319 PRAEGEPTOR.
2301 263 2423 322 279

475 440 576 500 vel
606 457 737 500 cum
768 439 1058 500 adiectivo
1089 436 1162 504 cf.
1201 439 1373 499 Hom.
1402 439 1475 498 11.
1505 437 1662 499 XIV.
1697 441 1798 498 80.
1830 435 1914 502 ου’
1951 432 2075 520 γάρ
2111 461 2206 514 τις
2252 440 2424 514 νέμε·

476 559 573 619 σις
629 544 888 622 φυγέειν
947 539 1174 606 κακόν.
1230 577 1314 587 -
1369 535 1766 622 περαβάλοιο
1820 541 1904 605 ἐν
1958 554 2098 617 τοῖς
2140 536 2362 620 λόγοις
2403 535 2423 624 ΙΙ

476 663 590 705 om.
638 645 720 708 ἐν
750 643 917 705 det.
965 639 1259 725 καθάπερ
1304 647 1433 706 καὶ
1480 640 1556 705 σὺ
1591 638 1616 724 ΙΙ
1648 660 1760 704 om.
1808 646 1915 705 καὶ
1943 636 2014 702 Ω

256 764 306 805 c.
381 750 440 807 2.
475 742 617 811 ἔστ’
638 743 720 810 ἂν
746 743 945 827 ἀφίκῃ
969 742 1134 826 πρὸς
1158 741 1231 809 τὸ
1256 747 1455 825 τέρμα
1479 762 1531 804 c.
1559 746 1618 808 2.
1642 741 1732 808 τὸ
1760 746 1903 820 μὲν
1933 736 2080 809 οὖν
2100 740 2424 826 θήραμα

471 845 489 932 ΙΙ
519 848 661 909 del.
694 848 893 910 det.
934 852 1219 909 commate
1262 851 1400 925 post
1444 843 1608 928 πρὸς
1651 842 1728 910 τὸ
1773 848 2020 928 τέρμα
2064 848 2256 925 posito
2286 842 2425 910 ΑΨ

480 956 665 1013 1324.
706 985 795 995 -
834 955 1072 1031 μηδὲν
1116 941 1300 1026 ὄντες
1352 951 1611 1027 ἔνδοξοι
1655 945 1680 1032 fl
1722 945 1811 1012 τὸ
1852 952 2100 1031 μηδὲν
2146 948 2293 1011 Oob.
2341 985 2429 995 —

472 1053 905 1135 προπονῆσαι
948 1056 1187 1134 οἰηθεὶς
1219 1047 1243 1133 ΙΙ
1274 1103 1288 1117 .
1339 1102 1353 1117 .
1402 1048 1870 1134 προπονήσειν
1914 1045 1985 1111 Ω

253 1172 305 1216 c.
378 1160 436 1217 3.
470 1160 576 1219 καὶ
598 1151 878 1239 αἱρήσεις
900 1145 990 1217 οὗ
1010 1151 1373 1237 καμὼνΙκ.
1402 1151 1682 1236 αἱρήσεις
1704 1150 1895 1231 τοὺς
1924 1147 2227 1234 γάμους
2251 1153 2417 1216 det.

471 1257 645 1331 Quod
685 1257 996 1318 videbatur
1038 1258 1247 1318 deesse
1292 1257 1616 1336 obiectum,
1660 1275 1771 1333 pro
1814 1255 1898 1320 ου’
1941 1253 2169 1332 καμὼν
2212 1258 2425 1333 scripsi

468 1356 623 1436 τοὺς
665 1357 933 1438 γάμους.
1020 1361 1175 1419 Nam
1218 1360 1470 1436 primum
1526 1358 1762 1435 quidem
1819 1355 1903 1422 ου’
1945 1353 2174 1434 καμὼν
2218 1376 2421 1435 super-

467 1462 644 1523 fluum
690 1467 799 1542 est,
846 1464 1120 1538 quoniam
1157 1461 1423 1539 pluribus
1451 1464 1568 1522 iam
1597 1462 1744 1522 locis
1773 1461 1909 1540 hoc,
1955 1462 2029 1523 de
2059 1479 2176 1538 quo
2208 1462 2418 1539 agitur,

469 1583 588 1625 non
632 1568 758 1626 sine
802 1584 1018 1643 magno
1062 1564 1267 1625 labore
1310 1562 1441 1624 fieri
1485 1564 1702 1624 dictum
1747 1568 1837 1624 est
1881 1583 1934 1625 c.
1967 1567 2027 1626 2.
2074 1560 2157 1628 οὐ
2183 1560 2420 1645 μικρὸν

468 1664 624 1731 ov’d’
681 1665 901 1748 ὀλίγης
953 1673 1067 1748 τῆς
1125 1670 1409 1748 σπουδῆς
1465 1661 1771 1743 δεόμενον
1815 1664 1975 1730 ἀλλ’
2021 1710 2037 1726 .
2085 1709 2100 1726 .
2147 1710 2163 1726 .
2209 1657 2413 1744 ἄξιον.

468 1787 517 1832 c.
570 1775 628 1831 3.
687 1766 778 1846 ὡς
834 1767 957 1834 ου’κ
1026 1771 1096 1834 ἐκ
1148 1772 1341 1850 μέσης
1398 1767 1595 1851 αὐτῆς
1651 1767 2048 1850 ἀναστρέψαι
2105 1766 2417 1846 καμόντα.

467 1872 700 1933 Deinde
722 1890 830 1949 per
850 1877 1034 1933 totum
1056 1872 1215 1932 hunc
1237 1872 1536 1949 dialogum
1557 1874 1672 1933 hoc
1695 1877 1783 1933 est
1795 1890 2083 1932 summum
2094 1873 2418 1950 praemium

465 1976 622 2035 omni
665 1975 857 2035 studio
901 1977 1285 2053 propositum,
1329 1979 1394 2035 ut
1422 1975 1740 2035 Rhetorica
1766 1976 1829 2034 in
1857 1976 2284 2035 matrimonium
2314 1973 2416 2034 du-

465 2081 696 2138 ceretur
752 2076 829 2156 (c.
864 2082 920 2138 6.
978 2071 1204 2157 πρόσει
1261 2072 1335 2157 δὴ
1394 2074 1431 2140 ὃ
1493 2073 1757 2158 ἐραστὴς
1814 2077 2153 2153 ἐπιθυμῶν
2196 2126 2211 2141 .
2261 2126 2276 2141 .
2326 2072 2416 2152 ὡς

464 2173 907 2261 γαμήσειας
950 2203 1018 2243 τε
1063 2175 1267 2261 αὐτὴν
1310 2230 1324 2245 .
1373 2226 1389 2242 .
1433 2174 1617 2266 νόμῳ
1661 2176 1782 2261 γὰρ
1835 2174 2091 2243 ἅπαντα
2135 2183 2417 2258 γίγνεται

463 2290 586 2347 τοῦ
641 2280 1194 2364 γεγαμηκότος
1241 2302 1289 2349 c.
1337 2287 1395 2345 8.
1441 2278 1479 2347 ὃ
1538 2277 1662 2347 οὖν
1720 2278 1993 2365 ποιήσας
2050 2274 2167 2364 ἤδη
2213 2282 2416 2365 ρἇτα

467 2428 485 2446 .
531 2429 547 2446 .
595 2430 612 2446 .
656 2382 1042 2467 γαμήσεις
1085 2404 1133 2450 c.
1177 2391 1275 2447 26.
1323 2384 1518 2451 οὐδὲν
1565 2406 1632 2450 σε
1676 2381 1955 2450 κωλύσει
2001 2429 2017 2446 .
2062 2435 2077 2451 .
2129 2436 2142 2450 .
2192 2398 2417 2465 γαμεῖν

461 2494 813 2569 καλλίστην
870 2502 1147 2567 γυναῖκα
1204 2486 1315 2569 τὴς
1373 2484 1741 2570 ῥητορικὴν.
1829 2490 2014 2549 Recte
2056 2490 2237 2566 igitur
2278 2487 2420 2548 mihi

465 2589 670 2651 videor
732 2592 1059 2652 correxisse
1114 2615 1154 2653 τ
1179 2614 1216 2655 ο
1241 2587 1281 2653 ὺ
1307 2614 1340 2667 ς
1384 2613 1423 2668 γ
1442 2586 1481 2653 ά
1501 2613 1546 2665 μ
1576 2613 1612 2653 ο
1637 2613 1676 2652 υ
1704 2614 1751 2666 ς.
1846 2588 1932 2651 Of.
1978 2588 2420 2651 Sommerbrodt

468 2693 772 2753 Lucianea
825 2712 886 2771 p.
936 2696 1037 2754 92.
1083 2693 1248 2770 Lips.
1302 2696 1485 2754 1872.
1528 2726 1617 2736 —
1667 2694 2078 2768 ἔκπνους
2118 2688 2143 2769 Ι
2183 2692 2417 2754 ἐκεί-

467 2819 663 2873 νους
707 2791 777 2855 Ω
1466 2871 1489 2883 χ

249 2916 298 2963 c.
373 2903 434 2958 4.
467 2890 543 2958 εἰ
581 2895 702 2978 γὰρ
736 2894 1106 2973 Ἡσίοδος
1146 2899 1264 2973 μὲν
1305 2940 1320 2955 .
1369 2940 1384 2955 .
1431 2938 1448 2955 .
1480 2892 1745 2977 ποιητὴς
1788 2897 2075 2974 κατέστη,
2121 2887 2417 2975 ῥήτορα

469 3001 547 3064 δὲ
591 3048 606 3064 .
655 3050 670 3064 .
718 3048 734 3064 .
785 2994 1112 3063 α’ὁύνατον
1166 2998 1235 3060 ἐν
1293 3003 1520 3078 βραχεῖ
1558 2993 1582 3080 ΙΙ
1625 2989 1671 3077 ἢ
1714 2993 1834 3077 γὰρ
1879 3047 1893 3061 .
1942 3046 1956 3061 .
2007 3045 2021 3060 .
2070 2994 2232 3056 det.
2323 2993 2415 3055 cf.

467 3102 733 3162 Hermot.
779 3118 829 3161 c.
873 3104 973 3162 79.
1017 3093 1068 3179 ἢ
1110 3096 1231 3180 γὰρ
1276 3091 1443 3164 ἄλλα
1488 3101 1659 3163 ἐστὶν
1705 3095 1745 3163 ἃ
1790 3093 2116 3181 πράττετε.
2204 3097 2416 3158 Latine

468 3220 559 3264 an
603 3199 726 3263 Cic.
757 3202 1001 3263 Tuscul.
1045 3202 1118 3261 V.
1155 3205 1254 3262 32.
1289 3207 1391 3263 90.
1466 3202 1557 3261 Αη
1588 3199 1816 3280 Scythes
1847 3204 2040 3281 potuit
2077 3217 2190 3281 pro
2235 3199 2416 3263 nihilo

463 3309 772 3384 pecuniam
813 3306 1023 3383 facere,
1066 3313 1351 3365 nostrates
1385 3301 1715 3384 philosophi
1745 3302 1939 3380 facero
1975 3320 2095 3363 non
2122 3311 2418 3383 poterunt,

467 3409 552 3467 ita
603 3411 800 3467 tamen
857 3412 924 3467 ut
976 3407 1155 3466 latine
1221 3407 1468 3466 alterum
1527 3407 1809 3466 enuntiati
1864 3404 2187 3464 membrum
2242 3404 2420 3482 juxta

465 3514 721 3586 ponatur
760 3506 888 3571 fere
933 3511 1058 3569 sine
1103 3509 1395 3587 particula
1435 3507 1828 3568 adversativa.

250 3631 304 3674 c.
376 3616 434 3673 5.
470 3607 831 3691 ἔμπορον
865 3606 889 3693 ΙΙ
922 3602 1367 3691 ἄνθρωπον
1411 3606 1491 3669 Ψ

251 3736 299 3779 c.
377 3720 436 3775 6.
471 3710 641 3778 α’λλὰ
667 3710 753 3795 μὴ
786 3710 938 3793 σύγε
967 3709 1180 3793 πάθης
1202 3709 1289 3777 τὸ
1322 3709 1484 3777 αὐτὸ
1518 3709 1542 3794 [Ι
1574 3708 1799 3791 αὐτὸ,
1831 3730 1953 3776 om.
1988 3707 2061 3774 τὸ
2087 3707 2223 3774 ΑΨ
2257 3712 2416 3771 1324

470 3851 556 3861 -
598 3812 719 3881 δύο
768 3859 783 3876 .
831 3860 849 3878 .
895 3859 911 3876 .
958 3812 1081 3898 arn
1115 3808 1352 3878 (3001).
1400 3849 1478 3860 -
1523 3815 2417 3896 περιπλεκέσθωσαν

471 3914 994 3997 ἐκπετόμενοι
1027 3915 1051 4001 fl
1083 3913 1942 3998 προσπλεκόμενοιΑΨ
1970 3907 2417 3998 [324-ἥπου

470 4018 589 4086 τὸν
619 4029 858 4087 Νεῖλον
904 4020 1062 4098 εἶδες
1094 4017 1117 4103 ΙΙ
1147 4010 1195 4101 ἧ
1233 4044 1364 4086 που
1400 4019 1561 4083 Certe
1588 4019 1753 4082 det.
1782 4019 1841 4083 A
1879 4024 2038 4081 1324
2086 4054 2170 4064 —
2213 4022 2418 4084 ἵππου
