2867 4525
1005 291 1157 343 ΠΕΡΙ
1192 291 1323 344 ΤΟΥ
1355 291 1718 345 ΗΔΕΚΤΡΟΥ.
2329 297 2450 354 115

279 460 500 523 ταῦτα
558 472 783 526 ποιεῖν
837 462 949 527 καὶ
1005 454 1172 548 παρ’
1231 457 1496 550 ἡλικίαν
1561 461 2061 544 νεανιεύεσθαι,
2128 449 2300 553 κᾷτά
2351 490 2455 544 τις

277 558 637 647 Ὁμηρικὸς
681 568 1025 641 νεανίσκος
1071 557 1464 650 ἰπιπλήξειε
1496 588 1617 648 μοι
1661 561 1873 631 εἰπών
1903 564 2003 646 τό,
2046 565 2172 653 ,,σὴ
2223 567 2296 635 δὲ
2337 574 2450 657 βίη

291 663 625 745 λέλυται“,
670 665 783 730 καὶ
824 664 1165 747 ,,χαλεπὸν
1207 669 1413 756 γῆρας
1457 667 1819 755 κατείληφέ
1863 670 2001 751 σε“,

373 757 714 852 ἠπεδανὸς
759 765 833 831 δέ
878 765 951 833 νύ
994 792 1105 835 τοι
1147 767 1496 854 θεράπων,
1541 770 1818 855 βραδέες
1863 769 1939 835 δέ
1980 794 2088 837 τοι
2132 769 2365 852 ἵπποι,

286 864 356 944 ἐς
399 865 558 944 τοὺς
588 865 811 945 πόδας
839 871 1037 936 τοῦτο
1075 862 1570 938 ἀποσκώπτων.
1643 864 1791 937 ἀλλ’
1845 862 2007 938 ὅταν
2040 865 2454 961 ἀναμνησθῶ

282 970 408 1033 τοῦ
449 972 759 1053 γέροντος
803 967 1053 1037 ἐκείνου
1076 967 1491 1058 Ἡρακλέους,
1538 972 1763 1040 πάντα
1793 986 2019 1040 ποιεῖν
2061 973 2454 1060 προάγομαι

283 1072 402 1137 καὶ
433 1064 552 1136 οῦκ
582 1069 904 1156 αἰδοῦμαι
932 1077 1212 1141 τοιαῦτα
1240 1076 1504 1159 τολμῶν
1525 1070 1881 1163 ἡλικιώτης
1906 1064 1999 1141 ὢν
2028 1078 2144 1161 τῆς
2176 1075 2451 1154 εἰκόνος.

203 1182 267 1232 86
293 1174 353 1238 8.
401 1162 573 1239 ὥστε
617 1171 801 1256 ἰσχῦς
843 1175 963 1258 μὲν
1006 1178 1118 1243 καὶ
1147 1175 1348 1259 τάχος
1389 1180 1501 1244 καὶ
1537 1175 1780 1255 κάλλος
1820 1178 1932 1244 καὶ
1976 1175 2107 1244 ὅσα
2147 1185 2269 1245 τοῦ
2313 1177 2448 1245 σώ-
2484 1185 2520 1241 8

281 1298 499 1356 ματος
543 1268 775 1361 ἀγαθὰ
814 1282 1134 1365 χαιρέτω,
1179 1279 1293 1345 καὶ
1337 1274 1372 1346 5
1406 1274 1613 1367 Ἔρως
1667 1274 1702 1346 5
1760 1278 1879 1357 σὸς
1922 1277 2191 1347 εἰσιδών
2234 1306 2350 1365 με,
2396 1265 2453 1346 ὦ

290 1376 458 1466 Τήϊε
486 1377 760 1465 ποιητά,
804 1375 1185 1448 ὑποπόλιον
1214 1387 1467 1467 γένειον
1501 1386 2017 1470 χρυσοφαέννων
2050 1381 2110 1448 εἰ
2137 1381 2454 1467 βούλεται

281 1478 631 1565 πτερύγων
663 1478 903 1569 ἀήταις
936 1489 1468 1566 παραπετέσθω,
1516 1484 1600 1564 (†)
1647 1484 1759 1550 καὶ
1804 1480 1839 1551 5
1864 1478 2331 1572 Ἱπποκλείδης
2375 1483 2451 1551 οὗ

282 1594 613 1668 φροντιεῖ.
687 1586 787 1669 τῴ
832 1583 1006 1672 λόγῳ
1053 1584 1126 1651 δὲ
1156 1589 1270 1653 νῦν
1314 1575 1396 1652 ἀν
1426 1585 1723 1670 μάλιστα
1754 1578 2008 1672 ἀνηβᾶν
2051 1587 2166 1652 καὶ
2212 1579 2451 1652 ἀνθεῖν

279 1685 397 1750 καὶ
430 1676 744 1768 ἀκμάζειν
772 1680 939 1751 καθ’
991 1679 1172 1774 ιῖἷραν
1204 1686 1305 1776 ε’ίη
1337 1690 1450 1755 καὶ
1487 1686 1694 1754 ἕλκειν
1738 1688 1870 1753 τῶν
1915 1681 2107 1753 ὤτων
2136 1685 2337 1765 ὅσους
2369 1677 2451 1754 ἀν

280 1786 651 1863 πλείστους
680 1785 972 1875 δύνηται,
1010 1792 1122 1857 καὶ
1153 1789 1447 1871 τοξεύειν
1476 1788 1822 1870 πολλάκις,
1854 1784 1946 1867 ὥς
1977 1782 2168 1855 οὐδέν
2197 1813 2272 1875 γε
2303 1788 2453 1866 δέος

278 1886 374 1976 μὴ
421 1889 748 1966 κενωθεὶς
776 1884 987 1958 λάθοι
1016 1887 1053 1959 5
1099 1890 1395 1978 γωρυτὸς
1432 1884 1635 1977 αύτῷ.
1708 1887 1872 1980 δρᾷς
1901 1890 2093 1968 ὅπως
2136 1913 2452 1975 παραμυ-

280 1992 552 2075 θοῦμαι
605 1988 724 2079 τὴν
780 1986 1043 2076 ἡλικίαν
1098 1995 1209 2060 καὶ
1263 1991 1338 2060 τὸ
1383 1997 1591 2080 γῆρας
1646 1991 1720 2059 τὸ
1782 1991 2089 2077 ἐμαυτοῦ.
2177 1995 2290 2060 καὶ
2336 1988 2450 2059 διὰ

282 2095 490 2159 τοῦτο
547 2090 886 2180 ἐτόλμησα
928 2092 1148 2162 πάλαι
1204 2096 1724 2183 νενεωλκημένον
1778 2092 1855 2161 τὸ
1917 2090 2192 2161 ἀκάτιον
2246 2117 2452 2159 κατα-

286 2192 564 2273 σπάσας
617 2196 729 2261 καὶ
792 2193 862 2260 ἐκ
919 2198 1054 2261 τῶν
1100 2196 1382 2265 ἐνόντων
1427 2195 1875 2274 ἐπισκευάσας
1928 2181 2134 2275 αὖθις
2169 2188 2453 2284 ’ἀφεῖναι

285 2295 357 2375 ἐς
401 2301 609 2381 μέσον
653 2295 730 2363 τὸ
779 2298 1094 2383 πέλαγος.
1170 2299 1272 2387 ε’ίη
1321 2295 1414 2381 δ’,
1463 2284 1517 2364 ὦ
1551 2304 1731 2380 θεοί,
1776 2301 1889 2366 καὶ
1933 2296 2020 2365 τὰ
2049 2295 2220 2384 παρ’
2269 2293 2450 2381 ὖμῶν

284 2397 664 2483 ἐμπνεῦσαι
724 2399 942 2482 δεξιά,
1001 2396 1093 2478 ὥς
1137 2404 1251 2468 νῦν
1307 2424 1381 2487 γε
1423 2400 1719 2485 μάλιστα
1775 2402 2179 2489 πλησιστίου
2223 2423 2299 2465 τε
2338 2399 2453 2464 καὶ

198 2519 261 2570 87
289 2499 548 2567 ἐσθλοῦ
594 2498 754 2589 [καὶ]
801 2499 1070 2587 ἑταίρου
1116 2496 1361 2586 ἀνέμου
1406 2502 1732 2587 δεόμεθα,
1778 2503 1910 2582 ἵνα,
1957 2501 2017 2568 εἰ
2063 2497 2242 2579 ἄξιοι
2288 2525 2453 2588 φαι-

282 2608 602 2688 νοίμεθα,
653 2607 767 2671 καὶ
811 2599 970 2692 ἡμῖν
1011 2602 1087 2671 τὸ
1132 2602 1480 2693 Ὁμηρικὸν
1527 2603 1741 2671 ἐκεῖνο
1785 2601 2288 2691 ἐπιφθέγξηταί
2330 2624 2451 2681 τις,

462 2706 612 2795 οἵην
659 2703 728 2773 ἐκ
772 2707 1024 2793 ῥακέων
1068 2703 1103 2773 5
1151 2711 1361 2793 γέρων
1408 2705 1803 2792 ἐπιγουνίδα
1848 2709 2097 2793 φαίνει.

282 3145 569 3232 ΠΕΡΙ
626 3143 846 3227 TOY
903 3145 1518 3228 HAEKTPOY
1565 3166 1623 3218 Η
1664 3143 1893 3226 ΤΩΝ
1945 3141 2452 3225 ΚΥΚΝΩΝ·

466 3322 523 3382 1.
560 3311 918 3403 Ἡλέκτρου
949 3320 1112 3402 πέρι
1150 3318 1261 3383 καὶ
1292 3311 1465 3401 ὑμᾶς
1497 3316 1745 3405 δηλαδὴ
1793 3312 1828 3382 ὅ
1861 3318 2084 3399 μῦθος
2114 3318 2452 3393 πέπεικεν,
2490 3336 2523 3389 1

285 3417 626 3505 αἰγείρους
674 3416 791 3484 ἐπὶ
846 3420 944 3504 τῷ
980 3410 1311 3504 Ἠριδανῷ
1365 3420 1657 3504 ποταμῷ
1717 3415 2025 3500 δακρύειν
2071 3407 2232 3480 αῦτὸ
2282 3417 2453 3499 θρη-

282 3518 533 3596 νούσας
563 3517 683 3585 τὸν
718 3523 1105 3596 Φαέθοντα,
1149 3522 1260 3586 καὶ
1293 3512 1591 3607 ἀδελφάς
1631 3542 1705 3604 γε
1738 3513 1911 3584 εἶναι
1954 3513 2076 3593 τὰς
2122 3513 2454 3600 αἰγείρους

283 3619 545 3698 ἐκείνας
607 3624 730 3686 τοῦ
785 3625 1213 3703 Φαέθοντος,
1282 3617 1426 3688 εἶτα
1495 3614 1902 3706 ὀδυρομένας
1963 3614 2040 3683 τὸ
2108 3614 2455 3701 μειράκιον

284 3720 664 3812 ἀλλαγῆναι
724 3721 792 3799 ἐς
846 3721 930 3788 τὰ
978 3722 1246 3808 δένδρα,
1301 3724 1413 3789 καὶ
1459 3714 1869 3804 ἀποστάζειν
1924 3717 2026 3786 ἔτι
2069 3711 2289 3784 αὐτῶν
2334 3717 2454 3784 δά-

281 3851 486 3914 κρυον
534 3823 748 3914 δῆθεν
791 3822 869 3892 τὸ
915 3820 1248 3912 ἤλεκτρον.
1326 3827 1608 3890 τοιαῦτα
1651 3819 1778 3908 γὰρ
1826 3814 2058 3905 ἀμέλει
2098 3823 2210 3888 καὶ
2260 3812 2459 3897 αῧτὸς

199 3949 266 4001 88
289 3920 559 3994 ἀκούων
602 3929 739 3992 τῶν
782 3929 1086 4013 ποιητῶν
1130 3922 1427 4014 ᾀδόντων
1473 3920 1776 4010 ἤλπιζον,
1829 3922 1894 3991 εἶ’
1934 3946 2105 3989 ποτε
2146 3927 2458 4008 γενοίμην

285 4029 406 4098 ἐπὶ
451 4031 553 4116 τῷ
574 4021 933 4114 Ἠριδανῷ,
979 4023 1301 4093 ῦπελθών
1342 4031 1506 4110 μίαν
1546 4029 1681 4092 τῶν
1728 4023 2038 4110 αἰγείρων
2083 4021 2457 4099 ἐκπετάσας

2073 4126 2147 4178 8*
