<?xml version="1.0" encoding="UTF-8"?>
<!DOCTYPE html PUBLIC "-//W3C//DTD XHTML 1.0 Transitional//EN"
    "http://www.w3.org/TR/xhtml1/DTD/xhtml1-transitional.dtd">
<html xmlns="http://www.w3.org/1999/xhtml" xml:lang="en" lang="en">
 <head>
  <title>
</title>
<meta http-equiv="Content-Type" content="text/html;charset=utf-8" />
  <meta name='ocr-system' content='tesseract 3.04.00' />
  <meta name='ocr-capabilities' content='ocr_page ocr_carea ocr_par ocr_line ocrx_word'/>
</head>
<body>
  <div class='ocr_page' id='page_1' title='image "./lucianus02sommgoog/lucianus02sommgoog_0190.png"; bbox 0 0 2867 4525; ppageno 0'>
   <div class='ocr_carea' id='block_1_1' title="bbox 424 262 1687 324">
    <p class='ocr_par' dir='ltr' id='par_1_1' title="bbox 424 262 1687 324">
     <span class='ocr_line' id='line_1_1' title="bbox 424 262 1687 324; baseline -0.006 0"><span class='ocrx_word' id='word_1_1' title='bbox 424 265 543 324; x_wconf 83' lang='lat'><strong><em>172</em></strong></span> <span class='ocrx_word' id='word_1_2' title='bbox 1311 262 1687 319; x_wconf 79' lang='grc' dir='ltr'><strong>ΔΟΥΚΙΑΝΟΥ</strong></span> 
     </span>
    </p>
   </div>
   <div class='ocr_carea' id='block_1_2' title="bbox 346 429 2712 3887">
    <p class='ocr_par' dir='ltr' id='par_1_2' title="bbox 416 429 2712 828">
     <span class='ocr_line' id='line_1_2' title="bbox 416 429 2712 522; baseline -0.002 -19"><span class='ocrx_word' id='word_1_3' title='bbox 416 437 528 503; x_wconf 88' lang='grc' dir='ltr'><strong><em>καὶ</em></strong></span> <span class='ocrx_word' id='word_1_4' title='bbox 574 429 878 513; x_wconf 76' lang='grc' dir='ltr'><strong><em>ἀκάνθας</em></strong></span> <span class='ocrx_word' id='word_1_5' title='bbox 922 433 1113 514; x_wconf 81' lang='grc' dir='ltr'><strong><em>τινὰς</em></strong></span> <span class='ocrx_word' id='word_1_6' title='bbox 1157 433 1440 520; x_wconf 77' lang='grc' dir='ltr'><strong><em>ἐκλέγεις</em></strong></span> <span class='ocrx_word' id='word_1_7' title='bbox 1481 434 1591 501; x_wconf 81' lang='grc' dir='ltr'><strong><em>καὶ</em></strong></span> <span class='ocrx_word' id='word_1_8' title='bbox 1640 430 1852 519; x_wconf 80' lang='grc' dir='ltr'><strong><em>λαβὰς</em></strong></span> <span class='ocrx_word' id='word_1_9' title='bbox 1894 435 1980 522; x_wconf 85' lang='grc' dir='ltr'><strong><em>τῇ</em></strong></span> <span class='ocrx_word' id='word_1_10' title='bbox 2019 438 2438 521; x_wconf 78' lang='grc' dir='ltr'><strong><em>συκοφαντίᾳ</em></strong></span> <span class='ocrx_word' id='word_1_11' title='bbox 2469 431 2580 520; x_wconf 85' lang='grc' dir='ltr'><strong><em>ζη-</em></strong></span> <span class='ocrx_word' id='word_1_12' title='bbox 2604 442 2712 492; x_wconf 79' lang='lat'><strong><em>244</em></strong></span> 
     </span>
     <span class='ocr_line' id='line_1_3' title="bbox 417 527 2587 621; baseline -0.001 -17"><span class='ocrx_word' id='word_1_13' title='bbox 417 551 571 616; x_wconf 89' lang='grc' dir='ltr'><strong><em>τεῖς.</em></strong></span> <span class='ocrx_word' id='word_1_14' title='bbox 651 530 804 604; x_wconf 73' lang='grc' dir='ltr'><strong><em>ἀλλ’</em></strong></span> <span class='ocrx_word' id='word_1_15' title='bbox 855 530 932 603; x_wconf 81' lang='grc' dir='ltr'><strong><em>οὗ</em></strong></span> <span class='ocrx_word' id='word_1_16' title='bbox 977 530 1184 621; x_wconf 90' lang='grc' dir='ltr'><strong><em>μόνος</em></strong></span> <span class='ocrx_word' id='word_1_17' title='bbox 1212 539 1425 603; x_wconf 87' lang='grc' dir='ltr'><strong><em>ταῦτα</em></strong></span> <span class='ocrx_word' id='word_1_18' title='bbox 1457 533 1538 603; x_wconf 83' lang='grc' dir='ltr'>σύ</span> <span class='ocrx_word' id='word_1_19' title='bbox 1571 527 1725 602; x_wconf 72' lang='grc' dir='ltr'><strong><em>οὐδὲ</em></strong></span> <span class='ocrx_word' id='word_1_20' title='bbox 1752 528 1903 601; x_wconf 79' lang='grc' dir='ltr'><strong><em>κατ’</em></strong></span> <span class='ocrx_word' id='word_1_21' title='bbox 1943 534 2105 620; x_wconf 75' lang='grc' dir='ltr'><strong><em>ἐμοῦ</em></strong></span> <span class='ocrx_word' id='word_1_22' title='bbox 2133 534 2362 621; x_wconf 89' lang='grc' dir='ltr'><strong><em>μόνου,</em></strong></span> <span class='ocrx_word' id='word_1_23' title='bbox 2409 527 2587 601; x_wconf 75' lang='grc' dir='ltr'><strong><em>ἀλλὰ</em></strong></span> 
     </span>
     <span class='ocr_line' id='line_1_4' title="bbox 420 633 2588 727; baseline -0.001 -21"><span class='ocrx_word' id='word_1_24' title='bbox 420 642 663 709; x_wconf 84' lang='grc' dir='ltr'><strong><em>πολλοὶ</em></strong></span> <span class='ocrx_word' id='word_1_25' title='bbox 706 642 819 707; x_wconf 83' lang='grc' dir='ltr'><strong><em>καὶ</em></strong></span> <span class='ocrx_word' id='word_1_26' title='bbox 866 634 1060 707; x_wconf 69' lang='grc' dir='ltr'><strong><em>ἄλλοι</em></strong></span> <span class='ocrx_word' id='word_1_27' title='bbox 1102 637 1188 705; x_wconf 84' lang='grc' dir='ltr'><strong><em>τὰ</em></strong></span> <span class='ocrx_word' id='word_1_28' title='bbox 1231 642 1350 706; x_wconf 85' lang='grc' dir='ltr'><strong><em>τοῦ</em></strong></span> <span class='ocrx_word' id='word_1_29' title='bbox 1396 634 1757 723; x_wconf 79' lang='grc' dir='ltr'><strong><em>ὁμοτέχνου</em></strong></span> <span class='ocrx_word' id='word_1_30' title='bbox 1800 640 1922 705; x_wconf 84' lang='grc' dir='ltr'><strong><em>τοῦ</em></strong></span> <span class='ocrx_word' id='word_1_31' title='bbox 1961 637 2124 722; x_wconf 75' lang='grc' dir='ltr'><strong><em>ἐμοῦ</em></strong></span> <span class='ocrx_word' id='word_1_32' title='bbox 2148 633 2436 727; x_wconf 81' lang='grc' dir='ltr'><strong><em>Ὁμήρου</em></strong></span> <span class='ocrx_word' id='word_1_33' title='bbox 2462 662 2588 703; x_wconf 88' lang='grc' dir='ltr'><strong><em>κα·-</em></strong></span> 
     </span>
     <span class='ocr_line' id='line_1_5' title="bbox 419 733 2589 828; baseline -0.001 -20"><span class='ocrx_word' id='word_1_34' title='bbox 419 740 798 822; x_wconf 86' lang='grc' dir='ltr'><strong><em>τακνίζουσι</em></strong></span> <span class='ocrx_word' id='word_1_35' title='bbox 855 740 1071 808; x_wconf 82' lang='grc' dir='ltr'><strong><em>λεπτὰ</em></strong></span> <span class='ocrx_word' id='word_1_36' title='bbox 1126 739 1301 808; x_wconf 74' lang='grc' dir='ltr'><strong><em>οὕτω</em></strong></span> <span class='ocrx_word' id='word_1_37' title='bbox 1354 740 1600 828; x_wconf 84' lang='grc' dir='ltr'><strong><em>κομιδῇ</em></strong></span> <span class='ocrx_word' id='word_1_38' title='bbox 1657 741 1767 807; x_wconf 79' lang='grc' dir='ltr'><strong><em>καὶ</em></strong></span> <span class='ocrx_word' id='word_1_39' title='bbox 1816 739 2118 824; x_wconf 88' lang='grc' dir='ltr'><strong><em>μάλιστα</em></strong></span> <span class='ocrx_word' id='word_1_40' title='bbox 2160 737 2363 825; x_wconf 84' lang='grc' dir='ltr'><strong><em>μικρὰ</em></strong></span> <span class='ocrx_word' id='word_1_41' title='bbox 2409 733 2589 806; x_wconf 68' lang='grc' dir='ltr'><strong><em>ἅττα</em></strong></span> 
     </span>
    </p>

    <p class='ocr_par' dir='ltr' id='par_1_3' title="bbox 349 836 2588 1544">
     <span class='ocr_line' id='line_1_6' title="bbox 349 836 2588 932; baseline -0.002 -21"><span class='ocrx_word' id='word_1_42' title='bbox 349 855 388 910; x_wconf 99' lang='grc'><strong>6</strong></span> <span class='ocrx_word' id='word_1_43' title='bbox 425 842 803 922; x_wconf 83' lang='grc' dir='ltr'><strong><em>διεξιόντες.</em></strong></span> <span class='ocrx_word' id='word_1_44' title='bbox 892 848 953 911; x_wconf 88' lang='grc'><strong><em>6.</em></strong></span> <span class='ocrx_word' id='word_1_45' title='bbox 1000 842 1060 910; x_wconf 84' lang='grc' dir='ltr'><strong><em>εἰ</em></strong></span> <span class='ocrx_word' id='word_1_46' title='bbox 1117 842 1190 911; x_wconf 78' lang='grc' dir='ltr'><strong><em>δὲ</em></strong></span> <span class='ocrx_word' id='word_1_47' title='bbox 1247 844 1359 910; x_wconf 83' lang='grc' dir='ltr'><strong><em>καὶ</em></strong></span> <span class='ocrx_word' id='word_1_48' title='bbox 1407 840 1532 931; x_wconf 83' lang='grc' dir='ltr'><strong><em>χρὴ</em></strong></span> <span class='ocrx_word' id='word_1_49' title='bbox 1580 836 1788 927; x_wconf 80' lang='grc' dir='ltr'><strong><em>ὁμόσε</em></strong></span> <span class='ocrx_word' id='word_1_50' title='bbox 1824 841 2224 932; x_wconf 81' lang='grc' dir='ltr'><strong><em>χωρήσαντα</em></strong></span> <span class='ocrx_word' id='word_1_51' title='bbox 2266 844 2348 928; x_wconf 85' lang='grc' dir='ltr'><strong><em>τῇ</em></strong></span> <span class='ocrx_word' id='word_1_52' title='bbox 2395 838 2588 928; x_wconf 77' lang='grc' dir='ltr'><strong><em>αἰτίᾳ</em></strong></span> 
     </span>
     <span class='ocr_line' id='line_1_7' title="bbox 418 938 2587 1065; baseline 0 -54"><span class='ocrx_word' id='word_1_53' title='bbox 418 945 540 1065; x_wconf 86' lang='grc' dir='ltr'><strong><em>τὴν</em></strong></span> <span class='ocrx_word' id='word_1_54' title='bbox 612 940 1000 1033; x_wconf 74' lang='grc' dir='ltr'><strong><em>ὀρθοτάτην</em></strong></span> <span class='ocrx_word' id='word_1_55' title='bbox 1073 939 1452 1034; x_wconf 89' lang='grc' dir='ltr'><strong><em>απολογίαν</em></strong></span> <span class='ocrx_word' id='word_1_56' title='bbox 1524 939 2133 1035; x_wconf 89' lang='grc' dir='ltr'><strong><em>απολογήσασθαι,</em></strong></span> <span class='ocrx_word' id='word_1_57' title='bbox 2210 938 2587 1031; x_wconf 87' lang='grc' dir='ltr'><strong><em>ανάγνωθι,</em></strong></span> 
     </span>
     <span class='ocr_line' id='line_1_8' title="bbox 420 1034 2586 1134; baseline 0 -22"><span class='ocrx_word' id='word_1_58' title='bbox 420 1034 472 1112; x_wconf 78' lang='grc' dir='ltr'><em>ὦ</em></span> <span class='ocrx_word' id='word_1_59' title='bbox 518 1072 733 1130; x_wconf 91' lang='grc' dir='ltr'><strong><em>ουτος,</em></strong></span> <span class='ocrx_word' id='word_1_60' title='bbox 779 1073 865 1114; x_wconf 87' lang='grc' dir='ltr'><strong><em>τα</em></strong></span> <span class='ocrx_word' id='word_1_61' title='bbox 893 1043 1098 1134; x_wconf 87' lang='grc' dir='ltr'><strong><em>Ἔργα</em></strong></span> <span class='ocrx_word' id='word_1_62' title='bbox 1140 1072 1270 1133; x_wconf 88' lang='grc' dir='ltr'><strong><em>μου</em></strong></span> <span class='ocrx_word' id='word_1_63' title='bbox 1313 1049 1426 1115; x_wconf 87' lang='grc' dir='ltr'><strong><em>καὶ</em></strong></span> <span class='ocrx_word' id='word_1_64' title='bbox 1470 1071 1593 1125; x_wconf 87' lang='grc' dir='ltr'><strong><em>τας</em></strong></span> <span class='ocrx_word' id='word_1_65' title='bbox 1616 1042 1936 1132; x_wconf 83' lang='grc' dir='ltr'><strong><em>Ἡμέρας·</em></strong></span> <span class='ocrx_word' id='word_1_66' title='bbox 2014 1046 2161 1134; x_wconf 83' lang='grc' dir='ltr'><strong><em>ε’ίσῃ</em></strong></span> <span class='ocrx_word' id='word_1_67' title='bbox 2191 1071 2319 1132; x_wconf 88' lang='grc' dir='ltr'><strong><em>γαρ</em></strong></span> <span class='ocrx_word' id='word_1_68' title='bbox 2350 1068 2481 1113; x_wconf 91' lang='grc' dir='ltr'><strong><em>οσα</em></strong></span> <span class='ocrx_word' id='word_1_69' title='bbox 2509 1044 2586 1112; x_wconf 76' lang='grc' dir='ltr'><strong><em>ἐν</em></strong></span> 
     </span>
     <span class='ocr_line' id='line_1_9' title="bbox 417 1141 2584 1238; baseline -0 -23"><span class='ocrx_word' id='word_1_70' title='bbox 417 1152 514 1237; x_wconf 76' lang='grc' dir='ltr'><strong><em>τῷ</em></strong></span> <span class='ocrx_word' id='word_1_71' title='bbox 570 1148 904 1238; x_wconf 81' lang='grc' dir='ltr'><strong><em>ποιήματι</em></strong></span> <span class='ocrx_word' id='word_1_72' title='bbox 957 1149 1176 1235; x_wconf 81' lang='grc' dir='ltr'><strong><em>τούτῳ</em></strong></span> <span class='ocrx_word' id='word_1_73' title='bbox 1217 1152 1551 1234; x_wconf 81' lang='grc' dir='ltr'><strong><em>μαντικῶς</em></strong></span> <span class='ocrx_word' id='word_1_74' title='bbox 1595 1141 1738 1233; x_wconf 72' lang='grc' dir='ltr'><strong><em>ἅμα</em></strong></span> <span class='ocrx_word' id='word_1_75' title='bbox 1778 1152 1892 1217; x_wconf 86' lang='grc' dir='ltr'><strong><em>καὶ</em></strong></span> <span class='ocrx_word' id='word_1_76' title='bbox 1934 1151 2370 1238; x_wconf 79' lang='grc' dir='ltr'><strong><em>προφητικῶς</em></strong></span> <span class='ocrx_word' id='word_1_77' title='bbox 2411 1173 2584 1234; x_wconf 88' lang='grc' dir='ltr'><strong><em>προ·</em></strong></span> 
     </span>
     <span class='ocr_line' id='line_1_10' title="bbox 417 1244 2588 1340; baseline 0 -22"><span class='ocrx_word' id='word_1_78' title='bbox 417 1257 873 1320; x_wconf 85' lang='grc' dir='ltr'><strong><em>τεθέσπισταί</em></strong></span> <span class='ocrx_word' id='word_1_79' title='bbox 914 1276 1033 1336; x_wconf 88' lang='grc' dir='ltr'><strong><em>μοι</em></strong></span> <span class='ocrx_word' id='word_1_80' title='bbox 1077 1276 1202 1330; x_wconf 88' lang='grc' dir='ltr'><strong><em>τας</em></strong></span> <span class='ocrx_word' id='word_1_81' title='bbox 1245 1244 1626 1336; x_wconf 73' lang='grc' dir='ltr'><strong><em>ἀποβάσεις</em></strong></span> <span class='ocrx_word' id='word_1_82' title='bbox 1671 1252 2140 1340; x_wconf 82' lang='grc' dir='ltr'><strong><em>προδηλοῦντα</em></strong></span> <span class='ocrx_word' id='word_1_83' title='bbox 2183 1255 2319 1318; x_wconf 90' lang='grc' dir='ltr'><strong><em>τῶν</em></strong></span> <span class='ocrx_word' id='word_1_84' title='bbox 2360 1275 2435 1318; x_wconf 93' lang='grc' dir='ltr'><strong><em>τε</em></strong></span> <span class='ocrx_word' id='word_1_85' title='bbox 2464 1248 2588 1334; x_wconf 86' lang='grc' dir='ltr'><strong><em>ὀρ-</em></strong></span> 
     </span>
     <span class='ocr_line' id='line_1_11' title="bbox 417 1352 2588 1440; baseline 0 -20"><span class='ocrx_word' id='word_1_86' title='bbox 417 1358 567 1432; x_wconf 86' lang='grc' dir='ltr'><strong><em>θῶς</em></strong></span> <span class='ocrx_word' id='word_1_87' title='bbox 616 1357 729 1422; x_wconf 85' lang='grc' dir='ltr'><strong><em>καὶ</em></strong></span> <span class='ocrx_word' id='word_1_88' title='bbox 771 1352 943 1422; x_wconf 83' lang='grc' dir='ltr'><strong><em>κατὰ</em></strong></span> <span class='ocrx_word' id='word_1_89' title='bbox 986 1352 1223 1440; x_wconf 83' lang='grc' dir='ltr'><strong><em>καιρὸν</em></strong></span> <span class='ocrx_word' id='word_1_90' title='bbox 1266 1358 1749 1439; x_wconf 89' lang='grc' dir='ltr'><strong><em>πραττομένων</em></strong></span> <span class='ocrx_word' id='word_1_91' title='bbox 1789 1356 1901 1422; x_wconf 80' lang='grc' dir='ltr'><strong><em>καὶ</em></strong></span> <span class='ocrx_word' id='word_1_92' title='bbox 1945 1357 2081 1422; x_wconf 85' lang='grc' dir='ltr'><strong><em>τῶν</em></strong></span> <span class='ocrx_word' id='word_1_93' title='bbox 2124 1355 2588 1440; x_wconf 86' lang='grc' dir='ltr'><strong><em>παραλελειμ-</em></strong></span> 
     </span>
     <span class='ocr_line' id='line_1_12' title="bbox 416 1454 1420 1544; baseline -0.002 -19"><span class='ocrx_word' id='word_1_94' title='bbox 416 1462 633 1541; x_wconf 84' lang='grc' dir='ltr'><strong><em>μένων</em></strong></span> <span class='ocrx_word' id='word_1_95' title='bbox 676 1454 799 1536; x_wconf 81' lang='grc' dir='ltr'><strong><em>τᾶς</em></strong></span> <span class='ocrx_word' id='word_1_96' title='bbox 845 1455 1103 1544; x_wconf 81' lang='grc' dir='ltr'><strong><em>ζημίας.</em></strong></span> <span class='ocrx_word' id='word_1_97' title='bbox 1189 1457 1301 1524; x_wconf 86' lang='grc' dir='ltr'><strong><em>καὶ</em></strong></span> <span class='ocrx_word' id='word_1_98' title='bbox 1343 1454 1420 1523; x_wconf 82' lang='grc' dir='ltr'><strong><em>τὸ</em></strong></span> 
     </span>
    </p>

    <p class='ocr_par' dir='ltr' id='par_1_4' title="bbox 414 1553 2584 1853">
     <span class='ocr_line' id='line_1_13' title="bbox 631 1553 2370 1647; baseline -0.002 -20"><span class='ocrx_word' id='word_1_99' title='bbox 631 1559 844 1638; x_wconf 76' lang='grc' dir='ltr'><strong><em>οἴσεις</em></strong></span> <span class='ocrx_word' id='word_1_100' title='bbox 891 1553 958 1625; x_wconf 77' lang='grc' dir='ltr'><strong><em>δ’</em></strong></span> <span class='ocrx_word' id='word_1_101' title='bbox 1010 1556 1080 1626; x_wconf 76' lang='grc' dir='ltr'><strong><em>έν</em></strong></span> <span class='ocrx_word' id='word_1_102' title='bbox 1125 1560 1390 1647; x_wconf 75' lang='grc' dir='ltr'><strong><em>φορμῷ,</em></strong></span> <span class='ocrx_word' id='word_1_103' title='bbox 1437 1561 1690 1645; x_wconf 82' lang='grc' dir='ltr'><strong><em>παῦροι</em></strong></span> <span class='ocrx_word' id='word_1_104' title='bbox 1737 1557 1811 1625; x_wconf 86' lang='grc' dir='ltr'><strong><em>δέ</em></strong></span> <span class='ocrx_word' id='word_1_105' title='bbox 1855 1580 1934 1624; x_wconf 90' lang='grc' dir='ltr'><strong><em>σε</em></strong></span> <span class='ocrx_word' id='word_1_106' title='bbox 1973 1556 2370 1645; x_wconf 79' lang='grc' dir='ltr'><strong><em>θηήσονται,</em></strong></span> 
     </span>
     <span class='ocr_line' id='line_1_14' title="bbox 414 1652 2584 1748; baseline 0 -21"><span class='ocrx_word' id='word_1_107' title='bbox 414 1664 526 1729; x_wconf 82' lang='grc' dir='ltr'><strong><em>καὶ</em></strong></span> <span class='ocrx_word' id='word_1_108' title='bbox 584 1660 796 1729; x_wconf 90' lang='grc' dir='ltr'><strong><em>πάλιν</em></strong></span> <span class='ocrx_word' id='word_1_109' title='bbox 854 1656 986 1727; x_wconf 90' lang='grc' dir='ltr'><strong><em>όσα</em></strong></span> <span class='ocrx_word' id='word_1_110' title='bbox 1043 1653 1277 1748; x_wconf 83' lang='grc' dir='ltr'><strong><em>αγαθὰ</em></strong></span> <span class='ocrx_word' id='word_1_111' title='bbox 1332 1664 1691 1747; x_wconf 87' lang='grc' dir='ltr'><strong><em>περιέσται</em></strong></span> <span class='ocrx_word' id='word_1_112' title='bbox 1731 1673 1876 1738; x_wconf 86' lang='grc' dir='ltr'><strong><em>τοῖς</em></strong></span> <span class='ocrx_word' id='word_1_113' title='bbox 1919 1652 2152 1746; x_wconf 78' lang='grc' dir='ltr'><strong><em>ὀρθῶς</em></strong></span> <span class='ocrx_word' id='word_1_114' title='bbox 2192 1662 2584 1746; x_wconf 82' lang='grc' dir='ltr'><strong><em>γεωργοῦσι,</em></strong></span> 
     </span>
     <span class='ocr_line' id='line_1_15' title="bbox 416 1760 2074 1883; baseline -0.001 -53"><span class='ocrx_word' id='word_1_115' title='bbox 416 1763 888 1853; x_wconf 84' lang='grc' dir='ltr'><strong><em>χρησιμωτάτη</em></strong></span> <span class='ocrx_word' id='word_1_116' title='bbox 937 1789 1019 1830; x_wconf 93' lang='grc' dir='ltr'><strong><em>αν</em></strong></span> <span class='ocrx_word' id='word_1_117' title='bbox 1062 1766 1159 1850; x_wconf 77' lang='grc' dir='ltr'><strong><em>τῷ</em></strong></span> <span class='ocrx_word' id='word_1_118' title='bbox 1200 1768 1334 1850; x_wconf 77' lang='grc' dir='ltr'><strong><em>βίῳ</em></strong></span> <span class='ocrx_word' id='word_1_119' title='bbox 1377 1760 1679 1883; x_wconf 61' lang='grc' dir='ltr'><strong><em>μαντικὴΊῖ</em></strong></span> <span class='ocrx_word' id='word_1_120' title='bbox 1711 1762 2074 1847; x_wconf 79' lang='grc' dir='ltr'><strong><em>νομίζοιτο.</em></strong></span> 
     </span>
    </p>

    <p class='ocr_par' dir='ltr' id='par_1_5' title="bbox 346 1851 2702 3475">
     <span class='ocr_line' id='line_1_16' title="bbox 346 1851 2586 1950; baseline -0 -17"><span class='ocrx_word' id='word_1_121' title='bbox 346 1874 377 1927; x_wconf 73' lang='grc'><strong>7</strong></span> <span class='ocrx_word' id='word_1_122' title='bbox 588 1872 646 1934; x_wconf 89' lang='grc'><strong><em>7.</em></strong></span> <span class='ocrx_word' id='word_1_123' title='bbox 691 1872 916 1933; x_wconf 86' lang='lat' dir='ltr'><strong><em>AYK.</em></strong></span> <span class='ocrx_word' id='word_1_124' title='bbox 1012 1868 1226 1933; x_wconf 79' lang='grc' dir='ltr'><strong><em>Τοῦτο</em></strong></span> <span class='ocrx_word' id='word_1_125' title='bbox 1271 1865 1393 1950; x_wconf 83' lang='grc' dir='ltr'><strong><em>μὲν</em></strong></span> <span class='ocrx_word' id='word_1_126' title='bbox 1439 1891 1576 1948; x_wconf 91' lang='grc' dir='ltr'><strong><em>ουν,</em></strong></span> <span class='ocrx_word' id='word_1_127' title='bbox 1623 1851 1679 1930; x_wconf 80' lang='grc' dir='ltr'><strong><em>ῶ</em></strong></span> <span class='ocrx_word' id='word_1_128' title='bbox 1722 1864 2082 1950; x_wconf 73' lang='grc' dir='ltr'><strong><em>θαυμαστὲ</em></strong></span> <span class='ocrx_word' id='word_1_129' title='bbox 2118 1859 2421 1946; x_wconf 79' lang='grc' dir='ltr'><strong><em>Ἡσίοδε,</em></strong></span> <span class='ocrx_word' id='word_1_130' title='bbox 2465 1866 2586 1932; x_wconf 87' lang='grc' dir='ltr'><strong><em>καὶ</em></strong></span> 
     </span>
     <span class='ocr_line' id='line_1_17' title="bbox 416 1965 2588 2057; baseline -0.001 -22"><span class='ocrx_word' id='word_1_131' title='bbox 416 1967 595 2035; x_wconf 88' lang='grc' dir='ltr'><strong><em>πάνυ</em></strong></span> <span class='ocrx_word' id='word_1_132' title='bbox 638 1967 1034 2053; x_wconf 83' lang='grc' dir='ltr'><strong><em>ποιμενικὸν</em></strong></span> <span class='ocrx_word' id='word_1_133' title='bbox 1081 1969 1344 2056; x_wconf 80' lang='grc' dir='ltr'><strong><em>ε’ίρηταί</em></strong></span> <span class='ocrx_word' id='word_1_134' title='bbox 1387 1989 1500 2036; x_wconf 93' lang='grc' dir='ltr'><strong><em>σοι</em></strong></span> <span class='ocrx_word' id='word_1_135' title='bbox 1541 1969 1651 2035; x_wconf 84' lang='grc' dir='ltr'><strong><em>καὶ</em></strong></span> <span class='ocrx_word' id='word_1_136' title='bbox 1700 1966 2219 2057; x_wconf 73' lang='grc' dir='ltr'><strong><em>ἐπαληθεύειν’</em></strong></span> <span class='ocrx_word' id='word_1_137' title='bbox 2199 1965 2421 2045; x_wconf 86' lang='grc' dir='ltr'><strong><em>εὀικας</em></strong></span> <span class='ocrx_word' id='word_1_138' title='bbox 2458 1965 2588 2049; x_wconf 87' lang='grc' dir='ltr'><strong><em>τὴν</em></strong></span> 
     </span>
     <span class='ocr_line' id='line_1_18' title="bbox 413 2063 2585 2156; baseline -0.001 -19"><span class='ocrx_word' id='word_1_139' title='bbox 413 2074 547 2139; x_wconf 89' lang='grc' dir='ltr'><strong><em>τῶν</em></strong></span> <span class='ocrx_word' id='word_1_140' title='bbox 591 2074 897 2139; x_wconf 78' lang='grc' dir='ltr'><strong><em>Μουσῶν</em></strong></span> <span class='ocrx_word' id='word_1_141' title='bbox 956 2069 1325 2139; x_wconf 75' lang='grc' dir='ltr'><strong><em>ἐπίπνοιαν</em></strong></span> <span class='ocrx_word' id='word_1_142' title='bbox 1379 2066 1584 2149; x_wconf 76' lang='grc' dir='ltr'><strong><em>αὐτὸς</em></strong></span> <span class='ocrx_word' id='word_1_143' title='bbox 1641 2063 1790 2138; x_wconf 78' lang='grc' dir='ltr'><strong><em>ουδ’</em></strong></span> <span class='ocrx_word' id='word_1_144' title='bbox 1843 2064 2350 2156; x_wconf 73' lang='grc' dir='ltr'><strong><em>ἀπολογεῖσθαι</em></strong></span> <span class='ocrx_word' id='word_1_145' title='bbox 2405 2065 2585 2155; x_wconf 78' lang='grc' dir='ltr'><strong><em>ὑπὲρ</em></strong></span> 
     </span>
     <span class='ocr_line' id='line_1_19' title="bbox 414 2165 2586 2261; baseline -0.001 -22"><span class='ocrx_word' id='word_1_146' title='bbox 414 2176 546 2239; x_wconf 89' lang='grc' dir='ltr'><strong><em>τῶν</em></strong></span> <span class='ocrx_word' id='word_1_147' title='bbox 599 2170 784 2240; x_wconf 71' lang='grc' dir='ltr'><strong><em>ἐπῶν</em></strong></span> <span class='ocrx_word' id='word_1_148' title='bbox 843 2171 1238 2256; x_wconf 86' lang='grc' dir='ltr'><strong><em>δυνάμενος,</em></strong></span> <span class='ocrx_word' id='word_1_149' title='bbox 1296 2167 1489 2259; x_wconf 78' lang='grc' dir='ltr'><strong><em>ἡμεῖς</em></strong></span> <span class='ocrx_word' id='word_1_150' title='bbox 1545 2171 1618 2238; x_wconf 83' lang='grc' dir='ltr'><strong><em>δὲ</em></strong></span> <span class='ocrx_word' id='word_1_151' title='bbox 1677 2165 1753 2239; x_wconf 78' lang='grc' dir='ltr'><strong><em>οὗ</em></strong></span> <span class='ocrx_word' id='word_1_152' title='bbox 1803 2171 2048 2261; x_wconf 84' lang='grc' dir='ltr'><strong><em>ταύτην</em></strong></span> <span class='ocrx_word' id='word_1_153' title='bbox 2089 2170 2214 2258; x_wconf 88' lang='grc' dir='ltr'><strong><em>τὴν</em></strong></span> <span class='ocrx_word' id='word_1_154' title='bbox 2257 2169 2586 2259; x_wconf 85' lang='grc' dir='ltr'><strong><em>μαντικὴν</em></strong></span> 
     </span>
     <span class='ocr_line' id='line_1_20' title="bbox 415 2269 2587 2357; baseline -0 -20"><span class='ocrx_word' id='word_1_155' title='bbox 415 2270 604 2356; x_wconf 85' lang='grc' dir='ltr'><strong><em>παρὰ</em></strong></span> <span class='ocrx_word' id='word_1_156' title='bbox 665 2276 789 2339; x_wconf 88' lang='grc' dir='ltr'><em>σοῦ</em></span> <span class='ocrx_word' id='word_1_157' title='bbox 842 2273 955 2339; x_wconf 89' lang='grc' dir='ltr'><strong><em>καὶ</em></strong></span> <span class='ocrx_word' id='word_1_158' title='bbox 1009 2275 1144 2338; x_wconf 91' lang='grc' dir='ltr'><strong><em>τῶν</em></strong></span> <span class='ocrx_word' id='word_1_159' title='bbox 1188 2274 1492 2339; x_wconf 86' lang='grc' dir='ltr'><strong><em>Μουσῶν</em></strong></span> <span class='ocrx_word' id='word_1_160' title='bbox 1549 2280 2063 2357; x_wconf 85' lang='grc' dir='ltr'><strong><em>περιεμένομεν.</em></strong></span> <span class='ocrx_word' id='word_1_161' title='bbox 2155 2270 2306 2339; x_wconf 76' lang='grc' dir='ltr'><strong><em>ἐπεὶ</em></strong></span> <span class='ocrx_word' id='word_1_162' title='bbox 2364 2269 2453 2338; x_wconf 89' lang='grc' dir='ltr'><strong><em>τά</em></strong></span> <span class='ocrx_word' id='word_1_163' title='bbox 2505 2294 2587 2356; x_wconf 87' lang='grc' dir='ltr'><strong><em>γε</em></strong></span> 
     </span>
     <span class='ocr_line' id='line_1_21' title="bbox 413 2363 2702 2456; baseline -0.001 -21"><span class='ocrx_word' id='word_1_164' title='bbox 413 2371 695 2435; x_wconf 82' lang='grc' dir='ltr'><strong><em>τοιαῦτα</em></strong></span> <span class='ocrx_word' id='word_1_165' title='bbox 737 2367 917 2435; x_wconf 81' lang='grc' dir='ltr'><strong><em>πολὺ</em></strong></span> <span class='ocrx_word' id='word_1_166' title='bbox 959 2367 1443 2454; x_wconf 82' lang='grc' dir='ltr'><strong><em>μαντικώτεροι</em></strong></span> <span class='ocrx_word' id='word_1_167' title='bbox 1484 2364 1671 2454; x_wconf 80' lang='grc' dir='ltr'><strong><em>ὗμῶν</em></strong></span> <span class='ocrx_word' id='word_1_168' title='bbox 1716 2369 1784 2437; x_wconf 79' lang='grc' dir='ltr'><strong><em>οἱ</em></strong></span> <span class='ocrx_word' id='word_1_169' title='bbox 1825 2374 2125 2456; x_wconf 89' lang='grc' dir='ltr'><strong><em>γεωργοί,</em></strong></span> <span class='ocrx_word' id='word_1_170' title='bbox 2168 2371 2284 2436; x_wconf 89' lang='grc' dir='ltr'><strong><em>καὶ</em></strong></span> <span class='ocrx_word' id='word_1_171' title='bbox 2330 2363 2581 2453; x_wconf 73' lang='grc' dir='ltr'><strong><em>ἄριστα</em></strong></span> <span class='ocrx_word' id='word_1_172' title='bbox 2603 2384 2702 2433; x_wconf 81' lang='lat'><strong><em>245</em></strong></span> 
     </span>
     <span class='ocr_line' id='line_1_22' title="bbox 415 2464 2587 2559; baseline 0.001 -23"><span class='ocrx_word' id='word_1_173' title='bbox 415 2466 892 2554; x_wconf 81' lang='grc' dir='ltr'><strong><em>μαντεύσαιντ’</em></strong></span> <span class='ocrx_word' id='word_1_174' title='bbox 957 2466 1038 2538; x_wconf 74' lang='grc' dir='ltr'><strong><em>ἂν</em></strong></span> <span class='ocrx_word' id='word_1_175' title='bbox 1096 2465 1257 2559; x_wconf 79' lang='grc' dir='ltr'><strong><em>ἡμῖν</em></strong></span> <span class='ocrx_word' id='word_1_176' title='bbox 1303 2474 1460 2556; x_wconf 81' lang='grc' dir='ltr'><strong><em>περὶ</em></strong></span> <span class='ocrx_word' id='word_1_177' title='bbox 1510 2465 1756 2554; x_wconf 80' lang='grc' dir='ltr'><strong><em>αὗτῶν,</em></strong></span> <span class='ocrx_word' id='word_1_178' title='bbox 1818 2469 1926 2538; x_wconf 79' lang='grc' dir='ltr'><strong><em>ὅτι</em></strong></span> <span class='ocrx_word' id='word_1_179' title='bbox 1969 2464 2253 2549; x_wconf 72' lang='grc' dir='ltr'><strong><em>ῧσαντος</em></strong></span> <span class='ocrx_word' id='word_1_180' title='bbox 2294 2471 2416 2556; x_wconf 79' lang='grc' dir='ltr'><strong><em>μὲν</em></strong></span> <span class='ocrx_word' id='word_1_181' title='bbox 2461 2474 2587 2538; x_wconf 86' lang='grc' dir='ltr'><strong><em>τοῦ</em></strong></span> 
     </span>
     <span class='ocr_line' id='line_1_23' title="bbox 414 2563 2587 2663; baseline 0.001 -25"><span class='ocrx_word' id='word_1_182' title='bbox 414 2574 589 2640; x_wconf 81' lang='grc' dir='ltr'><strong><em>θεοῦ</em></strong></span> <span class='ocrx_word' id='word_1_183' title='bbox 633 2568 896 2660; x_wconf 77' lang='grc' dir='ltr'><strong><em>εὐθαλῆ</em></strong></span> <span class='ocrx_word' id='word_1_184' title='bbox 938 2571 1133 2641; x_wconf 65' lang='grc' dir='ltr'><strong><em>ἔσται</em></strong></span> <span class='ocrx_word' id='word_1_185' title='bbox 1172 2573 1259 2640; x_wconf 76' lang='grc' dir='ltr'><strong><em>τὰ</em></strong></span> <span class='ocrx_word' id='word_1_186' title='bbox 1306 2573 1688 2661; x_wconf 76' lang='grc' dir='ltr'><strong><em>δράγματα,</em></strong></span> <span class='ocrx_word' id='word_1_187' title='bbox 1746 2563 1829 2663; x_wconf 78' lang='grc' dir='ltr'><strong><em>ἢν</em></strong></span> <span class='ocrx_word' id='word_1_188' title='bbox 1874 2573 1947 2641; x_wconf 80' lang='grc' dir='ltr'><strong><em>δὲ</em></strong></span> <span class='ocrx_word' id='word_1_189' title='bbox 1992 2566 2244 2659; x_wconf 80' lang='grc' dir='ltr'><strong><em>αὗχμὸς</em></strong></span> <span class='ocrx_word' id='word_1_190' title='bbox 2288 2573 2587 2661; x_wconf 75' lang='grc' dir='ltr'><strong><em>ἐπιλάβῃ</em></strong></span> 
     </span>
     <span class='ocr_line' id='line_1_24' title="bbox 412 2669 2590 2791; baseline 0.001 -49"><span class='ocrx_word' id='word_1_191' title='bbox 412 2677 523 2742; x_wconf 88' lang='grc' dir='ltr'><strong><em>καὶ</em></strong></span> <span class='ocrx_word' id='word_1_192' title='bbox 583 2674 970 2763; x_wconf 85' lang='grc' dir='ltr'><strong><em>διψήσωσιν</em></strong></span> <span class='ocrx_word' id='word_1_193' title='bbox 1030 2675 1104 2743; x_wconf 77' lang='grc' dir='ltr'><strong><em>αἱ</em></strong></span> <span class='ocrx_word' id='word_1_194' title='bbox 1158 2701 1474 2763; x_wconf 91' lang='grc' dir='ltr'><strong><em>αρουραι,</em></strong></span> <span class='ocrx_word' id='word_1_195' title='bbox 1523 2669 1804 2760; x_wconf 87' lang='grc' dir='ltr'><strong><em>ουδεμία</em></strong></span> <span class='ocrx_word' id='word_1_196' title='bbox 1846 2674 2102 2791; x_wconf 85' lang='grc' dir='ltr'><strong><em>μηχανὴ</em></strong></span> <span class='ocrx_word' id='word_1_197' title='bbox 2148 2675 2239 2763; x_wconf 84' lang='grc' dir='ltr'><strong><em>μὴ</em></strong></span> <span class='ocrx_word' id='word_1_198' title='bbox 2288 2670 2435 2759; x_wconf 89' lang='grc' dir='ltr'><strong><em>ουχὶ</em></strong></span> <span class='ocrx_word' id='word_1_199' title='bbox 2482 2677 2590 2744; x_wconf 91' lang='grc' dir='ltr'><strong><em>λι-</em></strong></span> 
     </span>
     <span class='ocr_line' id='line_1_25' title="bbox 412 2766 2590 2862; baseline 0 -22"><span class='ocrx_word' id='word_1_200' title='bbox 412 2772 542 2858; x_wconf 86' lang='grc' dir='ltr'><strong><em>μόν</em></strong></span> <span class='ocrx_word' id='word_1_201' title='bbox 587 2771 1144 2862; x_wconf 71' lang='grc' dir='ltr'><strong><em>ἐπακολουθῆσαι</em></strong></span> <span class='ocrx_word' id='word_1_202' title='bbox 1187 2777 1286 2861; x_wconf 73' lang='grc' dir='ltr'><strong><em>τῷ</em></strong></span> <span class='ocrx_word' id='word_1_203' title='bbox 1330 2774 1527 2861; x_wconf 83' lang='grc' dir='ltr'><strong><em>δίψει</em></strong></span> <span class='ocrx_word' id='word_1_204' title='bbox 1572 2769 1822 2857; x_wconf 75' lang='grc' dir='ltr'><strong><em>αὐτῶν,</em></strong></span> <span class='ocrx_word' id='word_1_205' title='bbox 1869 2766 2051 2841; x_wconf 86' lang='grc' dir='ltr'><strong><em>καὶ</em></strong></span> <span class='ocrx_word' id='word_1_206' title='bbox 2025 2768 2135 2842; x_wconf 89' lang='grc' dir='ltr'><strong><em>ότι</em></strong></span> <span class='ocrx_word' id='word_1_207' title='bbox 2178 2800 2255 2841; x_wconf 94' lang='grc' dir='ltr'><strong><em>ου</em></strong></span> <span class='ocrx_word' id='word_1_208' title='bbox 2299 2778 2590 2860; x_wconf 85' lang='grc' dir='ltr'><strong><em>μεσοῦν-</em></strong></span> 
     </span>
     <span class='ocr_line' id='line_1_26' title="bbox 411 2867 2592 2998; baseline 0 -56"><span class='ocrx_word' id='word_1_209' title='bbox 411 2901 526 2955; x_wconf 89' lang='grc' dir='ltr'><strong><em>τος</em></strong></span> <span class='ocrx_word' id='word_1_210' title='bbox 584 2880 833 2964; x_wconf 86' lang='grc' dir='ltr'><strong><em>θέρους</em></strong></span> <span class='ocrx_word' id='word_1_211' title='bbox 885 2876 1008 2965; x_wconf 85' lang='grc' dir='ltr'><strong><em>χρὴ</em></strong></span> <span class='ocrx_word' id='word_1_212' title='bbox 1057 2869 1291 2963; x_wconf 81' lang='grc' dir='ltr'><strong><em>ἇροῦν,</em></strong></span> <span class='ocrx_word' id='word_1_213' title='bbox 1343 2867 1388 2965; x_wconf 81' lang='grc' dir='ltr'><em>ἢ</em></span> <span class='ocrx_word' id='word_1_214' title='bbox 1446 2872 1563 2945; x_wconf 81' lang='grc' dir='ltr'><strong><em>οὗκ</em></strong></span> <span class='ocrx_word' id='word_1_215' title='bbox 1608 2872 1689 2944; x_wconf 87' lang='grc' dir='ltr'><strong><em>άν</em></strong></span> <span class='ocrx_word' id='word_1_216' title='bbox 1731 2902 1801 2945; x_wconf 90' lang='grc' dir='ltr'><strong><em>τι</em></strong></span> <span class='ocrx_word' id='word_1_217' title='bbox 1803 2871 2096 2998; x_wconf 82' lang='grc' dir='ltr'><strong><em>οφελος</em></strong></span> <span class='ocrx_word' id='word_1_218' title='bbox 2133 2881 2394 2963; x_wconf 84' lang='grc' dir='ltr'><strong><em>γένοιτο</em></strong></span> <span class='ocrx_word' id='word_1_219' title='bbox 2441 2875 2592 2965; x_wconf 85' lang='grc' dir='ltr'><strong><em>εικῆ</em></strong></span> 
     </span>
     <span class='ocr_line' id='line_1_27' title="bbox 415 2971 2589 3066; baseline 0 -20"><span class='ocrx_word' id='word_1_220' title='bbox 415 2978 826 3061; x_wconf 75' lang='grc' dir='ltr'><strong><em>ἐκχυθέντων</em></strong></span> <span class='ocrx_word' id='word_1_221' title='bbox 881 2981 1018 3045; x_wconf 89' lang='grc' dir='ltr'><strong><em>τῶν</em></strong></span> <span class='ocrx_word' id='word_1_222' title='bbox 1077 2978 1517 3066; x_wconf 89' lang='grc' dir='ltr'><strong><em>σπερμάτων,</em></strong></span> <span class='ocrx_word' id='word_1_223' title='bbox 1578 2972 1731 3046; x_wconf 79' lang='grc' dir='ltr'><strong><em>ουδὲ</em></strong></span> <span class='ocrx_word' id='word_1_224' title='bbox 1789 2971 1965 3063; x_wconf 84' lang='grc' dir='ltr'><strong><em>αμᾶν</em></strong></span> <span class='ocrx_word' id='word_1_225' title='bbox 2019 2979 2119 3047; x_wconf 68' lang='grc' dir='ltr'><strong><em>ἔτι</em></strong></span> <span class='ocrx_word' id='word_1_226' title='bbox 2157 2977 2418 3064; x_wconf 85' lang='grc' dir='ltr'><strong><em>χλωρὸν</em></strong></span> <span class='ocrx_word' id='word_1_227' title='bbox 2463 2978 2589 3047; x_wconf 85' lang='grc' dir='ltr'><strong><em>τὸν</em></strong></span> 
     </span>
     <span class='ocr_line' id='line_1_28' title="bbox 414 3075 2582 3168; baseline 0.001 -21"><span class='ocrx_word' id='word_1_228' title='bbox 414 3079 679 3163; x_wconf 87' lang='grc' dir='ltr'><strong><em>στάχυν,</em></strong></span> <span class='ocrx_word' id='word_1_229' title='bbox 723 3105 764 3165; x_wconf 91' lang='grc' dir='ltr'><strong><em>η</em></strong></span> <span class='ocrx_word' id='word_1_230' title='bbox 811 3078 1002 3147; x_wconf 91' lang='grc' dir='ltr'><strong><em>κενόν</em></strong></span> <span class='ocrx_word' id='word_1_231' title='bbox 1048 3076 1549 3166; x_wconf 78' lang='grc' dir='ltr'><strong><em>εὑρεθήσεσθαι</em></strong></span> <span class='ocrx_word' id='word_1_232' title='bbox 1591 3079 1711 3148; x_wconf 80' lang='grc' dir='ltr'><strong><em>τὸν</em></strong></span> <span class='ocrx_word' id='word_1_233' title='bbox 1755 3081 2038 3167; x_wconf 84' lang='grc' dir='ltr'><strong><em>καρπόν.</em></strong></span> <span class='ocrx_word' id='word_1_234' title='bbox 2128 3075 2204 3149; x_wconf 81' lang='grc' dir='ltr'><strong><em>οὗ</em></strong></span> <span class='ocrx_word' id='word_1_235' title='bbox 2249 3081 2382 3168; x_wconf 81' lang='grc' dir='ltr'><strong><em>μὴν</em></strong></span> <span class='ocrx_word' id='word_1_236' title='bbox 2426 3076 2582 3150; x_wconf 76' lang='grc' dir='ltr'><strong><em>ουδ’</em></strong></span> 
     </span>
     <span class='ocr_line' id='line_1_29' title="bbox 417 3172 2590 3273; baseline 0.002 -25"><span class='ocrx_word' id='word_1_237' title='bbox 417 3181 625 3249; x_wconf 76' lang='grc' dir='ltr'><strong><em>ἐκεῖνο</em></strong></span> <span class='ocrx_word' id='word_1_238' title='bbox 669 3187 991 3265; x_wconf 84' lang='grc' dir='ltr'><strong><em>μαντείας</em></strong></span> <span class='ocrx_word' id='word_1_239' title='bbox 1045 3180 1294 3264; x_wconf 90' lang='grc' dir='ltr'><strong><em>δεῖται,</em></strong></span> <span class='ocrx_word' id='word_1_240' title='bbox 1353 3178 1448 3261; x_wconf 84' lang='grc' dir='ltr'><strong><em>ῶς</em></strong></span> <span class='ocrx_word' id='word_1_241' title='bbox 1499 3172 1541 3273; x_wconf 81' lang='grc' dir='ltr'><em>ἢ</em></span> <span class='ocrx_word' id='word_1_242' title='bbox 1596 3182 1686 3270; x_wconf 87' lang='grc' dir='ltr'><strong><em>μὴ</em></strong></span> <span class='ocrx_word' id='word_1_243' title='bbox 1744 3183 2050 3272; x_wconf 83' lang='grc' dir='ltr'><strong><em>καλύψῃς</em></strong></span> <span class='ocrx_word' id='word_1_244' title='bbox 2091 3183 2178 3252; x_wconf 80' lang='grc' dir='ltr'><strong><em>τὰ</em></strong></span> <span class='ocrx_word' id='word_1_245' title='bbox 2223 3190 2590 3271; x_wconf 88' lang='grc' dir='ltr'><strong><em>σπέρματα</em></strong></span> 
     </span>
     <span class='ocr_line' id='line_1_30' title="bbox 414 3281 2588 3376; baseline 0.003 -26"><span class='ocrx_word' id='word_1_246' title='bbox 414 3285 527 3352; x_wconf 85' lang='grc' dir='ltr'><strong><em>καὶ</em></strong></span> <span class='ocrx_word' id='word_1_247' title='bbox 595 3281 929 3370; x_wconf 88' lang='grc' dir='ltr'><strong><em>θεράπων</em></strong></span> <span class='ocrx_word' id='word_1_248' title='bbox 995 3285 1323 3374; x_wconf 88' lang='grc' dir='ltr'><strong><em>μακέλλην</em></strong></span> <span class='ocrx_word' id='word_1_249' title='bbox 1391 3284 1556 3369; x_wconf 69' lang='grc' dir='ltr'><strong><em>ἔχων</em></strong></span> <span class='ocrx_word' id='word_1_250' title='bbox 1629 3283 1929 3375; x_wconf 76' lang='grc' dir='ltr'><strong><em>έπιφορῇ</em></strong></span> <span class='ocrx_word' id='word_1_251' title='bbox 1984 3290 2102 3376; x_wconf 86' lang='grc' dir='ltr'><strong><em>τῆς</em></strong></span> <span class='ocrx_word' id='word_1_252' title='bbox 2158 3290 2279 3376; x_wconf 87' lang='grc' dir='ltr'><strong><em>γῆς</em></strong></span> <span class='ocrx_word' id='word_1_253' title='bbox 2334 3281 2588 3370; x_wconf 73' lang='grc' dir='ltr'><strong><em>αὐτοῖς,</em></strong></span> 
     </span>
     <span class='ocr_line' id='line_1_31' title="bbox 414 3382 2589 3475; baseline 0.002 -22"><span class='ocrx_word' id='word_1_254' title='bbox 414 3386 920 3475; x_wconf 86' lang='grc' dir='ltr'><strong><em>καταπτήσεται</em></strong></span> <span class='ocrx_word' id='word_1_255' title='bbox 979 3386 1066 3455; x_wconf 83' lang='grc' dir='ltr'><strong><em>τὰ</em></strong></span> <span class='ocrx_word' id='word_1_256' title='bbox 1122 3382 1323 3474; x_wconf 74' lang='grc' dir='ltr'><strong><em>ὄρνεα</em></strong></span> <span class='ocrx_word' id='word_1_257' title='bbox 1376 3390 1490 3456; x_wconf 84' lang='grc' dir='ltr'><strong><em>καὶ</em></strong></span> <span class='ocrx_word' id='word_1_258' title='bbox 1547 3388 2063 3475; x_wconf 90' lang='grc' dir='ltr'><strong><em>προκατεδεῖται</em></strong></span> <span class='ocrx_word' id='word_1_259' title='bbox 2117 3388 2242 3475; x_wconf 74' lang='grc' dir='ltr'><strong><em>τήν</em></strong></span> <span class='ocrx_word' id='word_1_260' title='bbox 2302 3383 2589 3457; x_wconf 70' lang='grc' dir='ltr'><strong><em>ἅπασαν</em></strong></span> 
     </span>
    </p>

    <p class='ocr_par' dir='ltr' id='par_1_6' title="bbox 346 3489 2591 3887">
     <span class='ocr_line' id='line_1_32' title="bbox 346 3489 2591 3579; baseline 0.001 -23"><span class='ocrx_word' id='word_1_261' title='bbox 346 3509 385 3565; x_wconf 76' lang='grc'>8</span> <span class='ocrx_word' id='word_1_262' title='bbox 417 3493 537 3558; x_wconf 86' lang='grc' dir='ltr'><strong><em>τοῦ</em></strong></span> <span class='ocrx_word' id='word_1_263' title='bbox 587 3495 836 3578; x_wconf 89' lang='grc' dir='ltr'><strong><em>θέρους</em></strong></span> <span class='ocrx_word' id='word_1_264' title='bbox 881 3489 1149 3559; x_wconf 76' lang='grc' dir='ltr'><strong><em>ἐλπίδα.</em></strong></span> <span class='ocrx_word' id='word_1_265' title='bbox 1240 3495 1302 3559; x_wconf 91' lang='grc'><strong><em>8.</em></strong></span> <span class='ocrx_word' id='word_1_266' title='bbox 1345 3489 1430 3558; x_wconf 80' lang='grc' dir='ltr'><strong><em>τὰ</em></strong></span> <span class='ocrx_word' id='word_1_267' title='bbox 1475 3489 1604 3579; x_wconf 79' lang='grc' dir='ltr'><strong><em>γὰρ</em></strong></span> <span class='ocrx_word' id='word_1_268' title='bbox 1648 3494 1933 3559; x_wconf 85' lang='grc' dir='ltr'><strong><em>τοιαῦτα</em></strong></span> <span class='ocrx_word' id='word_1_269' title='bbox 1976 3501 2415 3579; x_wconf 85' lang='grc' dir='ltr'><strong><em>παραινέσεις</em></strong></span> <span class='ocrx_word' id='word_1_270' title='bbox 2459 3495 2591 3577; x_wconf 81' lang='grc' dir='ltr'><strong><em>μὲν</em></strong></span> 
     </span>
     <span class='ocr_line' id='line_1_33' title="bbox 410 3586 2590 3682; baseline 0.001 -23"><span class='ocrx_word' id='word_1_271' title='bbox 410 3593 523 3660; x_wconf 84' lang='grc' dir='ltr'><strong><em>καὶ</em></strong></span> <span class='ocrx_word' id='word_1_272' title='bbox 580 3587 940 3680; x_wconf 74' lang='grc' dir='ltr'><strong><em>ὑποθήκας</em></strong></span> <span class='ocrx_word' id='word_1_273' title='bbox 986 3593 1195 3679; x_wconf 86' lang='grc' dir='ltr'><strong><em>λέγων</em></strong></span> <span class='ocrx_word' id='word_1_274' title='bbox 1239 3586 1358 3660; x_wconf 75' lang='grc' dir='ltr'><strong><em>οὐκ</em></strong></span> <span class='ocrx_word' id='word_1_275' title='bbox 1402 3588 1485 3661; x_wconf 74' lang='grc' dir='ltr'><strong><em>ι’ἰν</em></strong></span> <span class='ocrx_word' id='word_1_276' title='bbox 1527 3617 1633 3671; x_wconf 91' lang='grc' dir='ltr'><strong><em>τις</em></strong></span> <span class='ocrx_word' id='word_1_277' title='bbox 1679 3589 2088 3678; x_wconf 76' lang='grc' dir='ltr'><strong><em>ἁμαρτάνοι,</em></strong></span> <span class='ocrx_word' id='word_1_278' title='bbox 2141 3598 2464 3682; x_wconf 86' lang='grc' dir='ltr'><strong><em>μαντικῆς</em></strong></span> <span class='ocrx_word' id='word_1_279' title='bbox 2509 3595 2590 3662; x_wconf 81' lang='grc' dir='ltr'><strong><em>δὲ</em></strong></span> 
     </span>
     <span class='ocr_line' id='line_1_34' title="bbox 415 3688 2588 3786; baseline 0.003 -27"><span class='ocrx_word' id='word_1_280' title='bbox 415 3692 747 3779; x_wconf 90' lang='grc' dir='ltr'><strong><em>πάμπολυ</em></strong></span> <span class='ocrx_word' id='word_1_281' title='bbox 810 3688 1096 3763; x_wconf 79' lang='grc' dir='ltr'><strong><em>ἀποδεῖν</em></strong></span> <span class='ocrx_word' id='word_1_282' title='bbox 1148 3719 1272 3778; x_wconf 86' lang='grc' dir='ltr'><strong><em>μοι</em></strong></span> <span class='ocrx_word' id='word_1_283' title='bbox 1316 3694 1530 3776; x_wconf 88' lang='grc' dir='ltr'><strong><em>δοκεῖ,</em></strong></span> <span class='ocrx_word' id='word_1_284' title='bbox 1587 3689 1668 3783; x_wconf 87' lang='grc' dir='ltr'><strong><em>ἦς</em></strong></span> <span class='ocrx_word' id='word_1_285' title='bbox 1711 3693 1787 3763; x_wconf 82' lang='grc' dir='ltr'><strong><em>τὸ</em></strong></span> <span class='ocrx_word' id='word_1_286' title='bbox 1838 3695 2028 3783; x_wconf 75' lang='grc' dir='ltr'><strong><em>ἔργον</em></strong></span> <span class='ocrx_word' id='word_1_287' title='bbox 2072 3695 2158 3763; x_wconf 82' lang='grc' dir='ltr'><strong><em>τά</em></strong></span> <span class='ocrx_word' id='word_1_288' title='bbox 2206 3691 2424 3786; x_wconf 71' lang='grc' dir='ltr'><strong><em>ἄδηλα</em></strong></span> <span class='ocrx_word' id='word_1_289' title='bbox 2469 3701 2588 3765; x_wconf 85' lang='grc' dir='ltr'><strong><em>καὶ</em></strong></span> 
     </span>
     <span class='ocr_line' id='line_1_35' title="bbox 414 3789 2590 3887; baseline 0.002 -25"><span class='ocrx_word' id='word_1_290' title='bbox 414 3789 676 3883; x_wconf 81' lang='grc' dir='ltr'><strong><em>οὖδαμῆ</em></strong></span> <span class='ocrx_word' id='word_1_291' title='bbox 739 3789 1050 3880; x_wconf 76' lang='grc' dir='ltr'><strong><em>οὐδαμῶς</em></strong></span> <span class='ocrx_word' id='word_1_292' title='bbox 1117 3796 1379 3884; x_wconf 82' lang='grc' dir='ltr'><strong><em>φανερὰ</em></strong></span> <span class='ocrx_word' id='word_1_293' title='bbox 1439 3792 1964 3884; x_wconf 78' lang='grc' dir='ltr'><strong><em>προγιγνώσκειν</em></strong></span> <span class='ocrx_word' id='word_1_294' title='bbox 1976 3850 1996 3881; x_wconf 99' lang='grc'><strong><em>,</em></strong></span> <span class='ocrx_word' id='word_1_295' title='bbox 2056 3791 2288 3885; x_wconf 78' lang='grc' dir='ltr'><strong><em>ὥσπερ</em></strong></span> <span class='ocrx_word' id='word_1_296' title='bbox 2345 3797 2423 3869; x_wconf 80' lang='grc' dir='ltr'><strong><em>τὸ</em></strong></span> <span class='ocrx_word' id='word_1_297' title='bbox 2483 3804 2590 3887; x_wconf 76' lang='grc' dir='ltr'><strong><em>τῷ</em></strong></span> 
     </span>
    </p>
   </div>
   <div class='ocr_carea' id='block_1_3' title="bbox 7 3891 2591 4281">
    <p class='ocr_par' dir='ltr' id='par_1_7' title="bbox 7 3866 2591 4281">
     <span class='ocr_line' id='line_1_36' title="bbox 84 3891 2591 3990; baseline 0.005 -32.583"><span class='ocrx_word' id='word_1_298' title='bbox 84 3930 103 3971; x_wconf 54' lang='lat'><strong><em>1„</em></strong></span> <span class='ocrx_word' id='word_1_299' title='bbox 415 3902 654 3964; x_wconf 78' lang='grc' dir='ltr'><strong><em>Μίνωϊ</em></strong></span> <span class='ocrx_word' id='word_1_300' title='bbox 681 3912 1040 3977; x_wconf 86' lang='grc' dir='ltr'><strong><em>προειπεῖν</em></strong></span> <span class='ocrx_word' id='word_1_301' title='bbox 1071 3891 1179 3966; x_wconf 70' lang='grc' dir='ltr'><strong><em>ὅτι</em></strong></span> <span class='ocrx_word' id='word_1_302' title='bbox 1212 3898 1281 3967; x_wconf 76' lang='grc' dir='ltr'><strong><em>ἐν</em></strong></span> <span class='ocrx_word' id='word_1_303' title='bbox 1309 3902 1408 3986; x_wconf 73' lang='grc' dir='ltr'><strong><em>τῷ</em></strong></span> <span class='ocrx_word' id='word_1_304' title='bbox 1438 3903 1560 3966; x_wconf 87' lang='grc' dir='ltr'><strong><em>τοῦ</em></strong></span> <span class='ocrx_word' id='word_1_305' title='bbox 1589 3902 1860 3985; x_wconf 87' lang='grc' dir='ltr'><strong><em>μέλιτος</em></strong></span> <span class='ocrx_word' id='word_1_306' title='bbox 1890 3905 2091 3990; x_wconf 82' lang='grc' dir='ltr'><strong><em>πίθῳ</em></strong></span> <span class='ocrx_word' id='word_1_307' title='bbox 2122 3899 2157 3969; x_wconf 84' lang='grc' dir='ltr'><em>ὃ</em></span> <span class='ocrx_word' id='word_1_308' title='bbox 2189 3915 2358 3981; x_wconf 88' lang='grc' dir='ltr'><strong><em>παῖς</em></strong></span> <span class='ocrx_word' id='word_1_309' title='bbox 2388 3900 2591 3971; x_wconf 69' lang='grc' dir='ltr'><strong><em>ἔσται</em></strong></span> 
     </span>
     <span class='ocr_line' id='line_1_37' title="bbox 7 3940 2589 4281; baseline 0.002 -215"><span class='ocrx_word' id='word_1_310' title='bbox 7 3940 359 4281; x_wconf 32' lang='grc' dir='ltr'><strong>Ἄ</strong></span> <span class='ocrx_word' id='word_1_311' title='bbox 418 3993 601 4084; x_wconf 76' lang='grc' dir='ltr'><strong><em>αὐτῷ</em></strong></span> <span class='ocrx_word' id='word_1_312' title='bbox 659 3993 1272 4083; x_wconf 74' lang='grc' dir='ltr'><strong><em>ἀποπεπνιγμένος,</em></strong></span> <span class='ocrx_word' id='word_1_313' title='bbox 1320 4004 1431 4070; x_wconf 84' lang='grc' dir='ltr'><strong><em>καὶ</em></strong></span> <span class='ocrx_word' id='word_1_314' title='bbox 1477 4000 1553 4069; x_wconf 82' lang='grc' dir='ltr'><strong><em>τὸ</em></strong></span> <span class='ocrx_word' id='word_1_315' title='bbox 1599 4016 1746 4080; x_wconf 90' lang='grc' dir='ltr'><strong><em>τοῖς</em></strong></span> <span class='ocrx_word' id='word_1_316' title='bbox 1780 3995 2110 4086; x_wconf 71' lang='grc' dir='ltr'><strong><em>Ἀχαιοῑς</em></strong></span> <span class='ocrx_word' id='word_1_317' title='bbox 2153 4007 2589 4094; x_wconf 84' lang='grc' dir='ltr'><strong><em>προμηνῦσαι</em></strong></span> 
     </span>
    </p>
   </div>
   <div class='ocr_carea' id='block_1_4' title="bbox 356 4282 481 4466">
    <p class='ocr_par' dir='ltr' id='par_1_8' title="bbox 356 4282 487 4466">
     <span class='ocr_line' id='line_1_38' title="bbox 356 4282 481 4466; baseline -0.076 -1"><span class='ocrx_word' id='word_1_318' title='bbox 356 4282 481 4466; x_wconf 57' lang='lat' dir='ltr'>k</span> 
     </span>
    </p>
   </div>
   <div class='ocr_carea' id='block_1_5' title="bbox 2854 2377 2862 3048">
    <p class='ocr_par' dir='ltr' id='par_1_9' title="bbox 2854 2377 2862 3048">
     <span class='ocr_line' id='line_1_39' title="bbox 2854 2377 2862 3048; baseline 0 0"><span class='ocrx_word' id='word_1_319' title='bbox 2854 2377 2862 3048; x_wconf 95' lang='lat' dir='ltr'><strong><em> </em></strong></span> 
     </span>
    </p>
   </div>
  </div>
 </body>
</html>
