2867 4525
961 295 1257 360 [LUCIANl]
1293 295 1376 347 DE
1413 294 1588 348 PARA
1596 284 1756 348 S'l'l'o.
2311 293 2432 352 269

270 489 321 535 e.
356 473 457 530 34.
484 460 650 549 ἕπερ
693 464 971 545 μάλιστα
1014 475 1211 532 λυπεῖ
1239 464 1262 551 ΙΙ
1295 464 1454 549 ὅπερ
1499 469 1592 533 Fr.
1646 468 1809 530 det.
1855 469 1992 533 Ddf.

270 591 323 632 o.
360 575 463 635 35.
497 567 714 654 τούτῳ
762 572 919 647 ἔθος
965 570 1095 634 ἐστὶ
1138 576 1267 634 καὶ
1312 577 1468 634 πᾶσι
1501 567 1524 652 ΙΙ
1558 569 1671 632 del.
1715 576 1822 635 καὶ
1865 573 1964 635 Fr.
2011 570 2171 635 det.

1156 839 1562 852 ω

828 1075 1233 1157 [LUGIANI]
1279 1077 1399 1142 DE
1443 1077 1896 1145 PARASITO.

277 1253 509 1334 Optime
570 1252 635 1312 de
690 1249 793 1310 hoc
837 1247 1061 1327 dialoyo
1105 1251 1318 1309 meruit
1364 1247 1427 1309 C.
1481 1247 1546 1309 G.
1595 1249 1761 1312 Cobet
1804 1254 1868 1312 in
1911 1254 2172 1313 oratione
2215 1249 2280 1310 de
2322 1259 2446 1310 arte

275 1353 705 1434 interpretandi
731 1353 1133 1431 yrammotices
1161 1359 1214 1410 et
1243 1353 1464 1411 critices
1491 1352 1887 1429 fundamentis
1915 1356 2130 1412 innima
2156 1354 2445 1431 primario

349 1455 638 1538 philologi
677 1455 877 1534 officio
921 1453 1116 1514 habita
1158 1449 1430 1529 Luyduni
1468 1451 1823 1514 Batavorum
1870 1449 2372 1535 MDCCCXLVII.

275 1630 332 1672 e.
409 1615 465 1670 1.
495 1604 851 1687 μεταδῴης
869 1601 891 1689 fl
909 1605 1264 1684 μεταδοίης
1288 1602 1430 1664 Oob.
1462 1639 1546 1648 —
1578 1607 1747 1689 ἔργῳ
1768 1608 1886 1682 μὲν
1917 1599 2039 1669 οὖν
2070 1610 2447 1685 κατορθοῦν

286 2648 340 2691 0.

497 1733 659 1792 φημι
712 1700 865 1790 ἤδη,
925 1711 980 1771 εἰ
1033 1710 1101 1771 δὲ
1153 1711 1261 1771 καὶ
1306 1711 1425 1770 σοὶ
1470 1701 1646 1792 λόγῳ
1691 1704 1815 1771 οἰκ
1860 1709 1986 1787 ἔχω
2033 1711 2230 1771 εἰπεῖν
2265 1704 2284 1788 ss
2319 1724 2447 1765 om.

499 1816 627 1875 σοὶ
657 1810 823 1872 det.
888 1810 1159 1870 Affirmat
1184 1806 1527 1885 Tychiades
1565 1843 1649 1851 —
1679 1827 1754 1870 se
1800 1804 1969 1890 ἔργω
2001 1810 2237 1886 quidem
2265 1811 2450 1869 artem

497 1931 667 1974 suam
707 1914 997 1973 sustinere
1030 1908 1456 1990 (κατορθοῦν)
1499 1926 1696 1988 posse,
1742 1929 1880 1969 num
1910 1912 2085 1971 etiam
2114 1905 2289 1994 λόγῳ
2318 1927 2452 1969 nes-

501 2017 620 2076 cire
664 2032 729 2075 se
772 2014 990 2075 fatetur
1018 2045 1102 2056 -
1134 2005 1324 2087 αὖθις
1356 2006 1379 2092 ΙΙ
1412 2004 1702 2088 εἰσαῦθις
1732 2011 1871 2075 Oob.
1909 2009 2141 2092 „alias“
2172 2045 2256 2054 —-
2298 2006 2453 2074 ἀλλ’

501 2113 624 2181 οὐκ
669 2113 976 2193 ἀνέξομαι
1008 2111 1033 2197 ΙΙ
1062 2113 1435 2175 referendum
1479 2115 1557 2174 ad
1599 2116 1878 2190 εἰςαῦθις
1930 2114 2091 2175 nolle
2133 2132 2201 2174 se
2239 2113 2454 2173 diutius

503 2222 851 2297 expectare,
920 2216 1028 2278 sed
1093 2218 1284 2278 statim
1350 2215 1573 2277 audire.
1673 2216 1889 2278 Iterum
1960 2217 2197 2295 roganti
2257 2214 2450 2294 Tyoh.

504 2324 771 2398 sequitur
836 2321 1087 2381 alterum
1143 2322 1424 2395 εἰςαῦθις
1485 2320 1580 2379 oui
1636 2317 1829 2379 denuo
1883 2318 2205 2400 respondet
2257 2322 2456 2399 μηδα-

502 2429 672 2500 μῶς·
719 2418 875 2485 ἀλλ’
917 2411 1035 2503 ἤδη
1079 2422 1238 2500 λέγε.
1314 2419 1604 2497 Opposita
1645 2426 1782 2482 sunt
1812 2415 1979 2506 ἔργῳ
2013 2427 2071 2481 et
2097 2418 2294 2507 λόγῳ,
2336 2439 2458 2483 non

503 2541 815 2604 personae,
861 2523 1243 2599 quamobrem
1287 2524 1511 2582 extinxi
1555 2527 1676 2586 σοὶ.

458 2671 473 2686 .
506 2638 953 2707 προοῖσται
995 2620 1015 2704 ΙΙ
1056 2630 1390 2705 προοῖσται
1434 2623 1652 2685 Jacobs
1696 2623 1794 2685 Df.
1848 2624 2007 2700 quod
2053 2623 2192 2687 Oob.
2242 2625 2456 2699 impro-

508 2728 691 2807 bavit,
737 2746 857 2787 non
902 2726 1248 2789 emendavit.
1328 2724 1675 2802 Legendum
1706 2728 1916 2802 opinor
1957 2749 2006 2788 π
2031 2748 2069 2806 ρ
2099 2749 2137 2788 ο
2167 2730 2223 2787 ὤ
2244 2748 2349 2787 πτ
2371 2747 2410 2787 α
2437 2750 2457 2787 ι

504 2830 779 2910 praevidi
828 2828 1077 2892 multum
1132 2827 1406 2904 futurum
1465 2845 1579 2888 esse
1620 2829 1807 2888 risum
1852 2860 1927 2871 —
1981 2828 2213 2907 ἐπιγρ
2230 2822 2458 2904 άφοι-

509 2954 656 3008 μεν
702 2930 724 3009 ΙΙ
770 2925 1195 3010 ἐπιγράψ
1228 2951 1458 3004 ομεν
1503 2927 1642 2992 Oob.
1692 2933 1758 2988 ut
1810 2929 1964 2989 infra
2008 2948 2058 2990 o.
2109 2933 2164 2988 3.
2198 2923 2458 3006 ἔγκατα-

511 3035 864 3110 λέξομεν.

463 3185 477 3199 .
518 3131 751 3215 Ὀρθῶς
809 3134 1059 3204 ἐκείνου
1115 3156 1185 3212 γε
1236 3130 1534 3209 εἰπόντος
1578 3128 1792 3209 οὕτως
1836 3129 2403 3214 α’πεμνημόνευσας
2443 3129 2464 3212 ss

514 3233 686 3316 ὀρθ.
713 3229 1023 3310 ἐκεῖνός
1046 3257 1126 3313 γε
1157 3233 1380 3298 εἶπεν
1412 3230 1635 3311 ὅστις
1665 3229 1789 3316 ἦν,
1815 3231 1895 3298 o'v'
1917 3259 1986 3300 τε
2015 3233 2281 3312 ἅπεμν.
2318 3236 2457 3300 Oob.

515 3355 691 3413 quem
736 3353 970 3414 sequor,
1019 3338 1103 3397 ita
1145 3341 1371 3415 tamen,
1416 3342 1482 3398 nt
1523 3355 1735 3414 negem
1777 3338 1933 3400 hane
1979 3356 2109 3398 esse
2151 3339 2465 3399 lectionem

517 3439 721 3515 optimi
765 3455 940 3513 quem
984 3436 1126 3498 (licit
1169 3438 1387 3499 codicis
1429 3440 1715 3500 Marciani
1757 3439 1906 3519 (436
1939 3436 2039 3517 Ψ)
2080 3441 2143 3498 in
2186 3458 2302 3515 quo
2346 3457 2465 3500 non

520 3536 756 3620 Ὀρθῶς
812 3539 920 3600 sed
976 3562 1014 3602 ο
1046 3537 1149 3602 ὓκ
1216 3537 1255 3603 o'
1278 3564 1316 3622 ρ
1343 3548 1391 3605 θ
1418 3547 1476 3604 ὤ
1504 3566 1536 3618 ς
1593 3541 1799 3604 ἐκεῖνο
1857 3564 1926 3619 γε
1981 3539 2156 3604 εἶπεν
2215 3535 2463 3618 (οὗτος)

519 3635 601 3704 ου’
656 3663 725 3704 τε
781 3636 1387 3723 ἄπεμνημόνευσας;
1439 3661 1634 3719 neque
1689 3644 1878 3719 magis
1933 3643 2106 3702 video
2164 3642 2320 3703 unde
2375 3646 2468 3705 vir

517 3760 779 3803 summus
843 3742 950 3802 illa
1013 3743 1199 3803 verba
1254 3740 1430 3821 ὅστις
1485 3738 1600 3826 ἦν,
1666 3763 1820 3821 quae
1870 3746 1985 3805 nisi
2043 3743 2219 3805 fallor
2273 3763 2467 3823 neque

519 3846 585 3904 in
629 3847 849 3921 optimo
893 3845 998 3904 illo
1045 3846 1249 3905 codiee
1292 3864 1487 3922 neque
1528 3848 1592 3906 in
1623 3865 1691 3906 eo
1722 3848 2114 3926 inveniuntur,
2162 3850 2264 3924 qui
2308 3853 2468 3909 certe

522 3945 598 4005 ab
657 3946 829 4007 huius
876 3946 1015 4011 Ood.
1065 3941 1189 4026 (Ψ)
1233 3948 1545 4009 virtutibus
1600 3951 1865 4027 proxime
1923 3950 2093 4010 abest
2135 3952 2469 4011 Marcianus

524 4052 649 4116 434
707 4042 776 4108 Ω
835 4083 918 4092 -
977 4051 1128 4129 φέρε
1186 4045 1260 4129 δή
1316 4047 1480 4114 καθ’
1539 4045 1811 4116 ἕκαστον
1881 4064 2020 4129 τοῖς
2080 4059 2192 4134 τῆς
2247 4054 2469 4134 τέχνης
