2867 4525
431 276 514 335 90
1328 277 1700 331 ΔΟΥΚΙΔΝΟΥ

431 448 666 513 λέοντα
712 443 891 513 εἶδον
934 446 1260 525 πολλάκις
1298 446 1679 530 χωλεύοντα
1707 440 1831 513 ὕπ’
1886 440 2266 535 ἀλγηδόνων
2309 444 2379 511 ἐν
2422 444 2577 511 ὅλο-

360 564 398 620 9
431 547 650 636 κλήρῳ
677 551 777 635 τῷ
808 544 1011 614 αὐτοῦ
1040 548 1338 633 δέρματι.
1396 556 1457 618 9.
1488 548 1682 616 Πάνυ
1711 547 1837 635 γὰρ
1868 542 2159 637 ἰδιώτης,
2191 546 2319 636 ἔφη
2351 542 2387 615 ὃ
2414 552 2580 615 Δει-

430 650 745 735 νόμαχος,
815 646 876 717 εἶ
929 652 1041 717 καὶ
1096 649 1181 717 τὰ
1238 654 1519 717 τοιαῦτα
1575 644 1693 717 ούκ
1757 649 2036 739 ἐμέλησέ
2093 672 2204 717 σοι
2257 649 2581 732 ἐκμαθεῖν

428 752 657 821 ὅντινα
699 751 955 838 τρόπον
999 745 1249 839 ὠφελεῖ
1289 767 1434 831 τοῖς
1480 753 1814 842 νοσήμασι
1857 750 2409 841 προσφερόμενα,
2460 758 2583 819 καί

428 881 547 938 μοι
591 855 807 933 δοκεῖς
851 851 1005 923 οὐδὲ
1047 852 1130 922 τὰ
1161 860 1693 941 προφανέστατα
1729 845 1809 921 ἂν
1851 853 2378 941 παραδέξασθαι
2418 858 2581 920 ταῦ-

429 984 544 1034 τα,
603 961 734 1024 τῶν
790 957 863 1024 ἐκ
913 956 1235 1044 περιόδου
1291 962 1597 1045 πυρετῶν
1653 958 1774 1037 τὰς
1821 953 2248 1041 ἀποπομπὰς
2289 959 2402 1023 καὶ
2446 960 2581 1024 τῶν

429 1059 723 1144 ἑρπετῶν
767 1058 890 1138 τὰς
931 1060 1368 1139 καταθέλξεις
1397 1065 1510 1128 καὶ
1548 1059 1909 1146 βουβώνων
1954 1058 2169 1138 ἰάσεις
2211 1062 2325 1126 καὶ
2367 1054 2582 1126 τᾶλλα

429 1158 659 1229 ὁπόσα
702 1159 856 1250 [καὶ]
903 1162 977 1229 αἱ
1017 1157 1365 1251 γρᾶεςῆδη
1398 1167 1737 1231 ποιοῦσιν.
1812 1161 1872 1227 εἰ
1918 1161 1991 1229 δὲ
2031 1160 2247 1228 ἐκεῖνα
2287 1167 2584 1247 γίγνεται

432 1256 720 1344 ἅπαντα,
766 1270 835 1331 τί
879 1262 958 1350 δή
1004 1288 1175 1330 ποτε
1200 1258 1361 1385 3023252
1403 1268 1617 1332 ταῦτα
1647 1264 1839 1354 οἰήσῃ
1869 1269 2227 1350 γίγνεσθαι
2266 1259 2402 1330 ὑπὸ
2449 1266 2582 1329 τῶν

430 1362 722 1450 ὁμοίων,
756 1359 1154 1452 Απέραντα,
1187 1356 1264 1452 ἦν
1297 1363 1358 1433 δ’
1395 1366 1543 1453 ἐγώ,
1592 1366 1669 1434 σύ
1700 1373 2060 1453 περαίνεις,
2107 1355 2159 1430 ὦ
2186 1365 2581 1449 Δεινόμαχε,

428 1471 541 1535 καὶ
570 1465 727 1554 ήλῳ,
775 1474 1003 1556 φασίν,
1051 1466 1375 1554 ἐκκρούεις
1408 1467 1525 1535 τὸν
1557 1462 1750 1557 ἧλον·
1796 1462 1949 1535 οὐδὲ
1977 1466 2104 1555 γὰρ
2138 1467 2181 1534 ἃ
2211 1465 2345 1555 φὴς
2371 1470 2584 1533 ταῦτα

430 1570 598 1656 δῆλα
626 1570 794 1655 μετὰ
838 1570 1152 1696 τοιαύτης
1183 1571 1527 1653 δυνάμεως
1554 1570 1928 1657 γιγνόμενα.
2002 1560 2082 1659 ἢν
2112 1572 2269 1656 γοῦν
2297 1567 2387 1656 μὴ
2429 1576 2584 1636 πεί-

430 1695 550 1760 σῃς
593 1671 921 1759 πρότερον
966 1671 1233 1759 ἐπάγων
1289 1671 1406 1740 τὸν
1466 1673 1693 1760 λόγον,
1749 1672 1926 1739 διότι
1981 1671 2184 1760 φύσιν
2231 1670 2365 1755 ε’χει
2409 1669 2583 1738 οὕτω

427 1780 809 1860 γίγνεσθαι,
856 1778 974 1842 τοῦ
1019 1800 1092 1841 τε
1136 1779 1427 1860 πυρετοῦ
1468 1778 1580 1843 καὶ
1623 1783 1741 1842 τοῦ
1789 1773 2152 1860 οἰδήματος
2198 1774 2499 1852 δεδιότος
2543 1764 2585 1861 ἢ

429 1871 644 1960 ὄνομα
698 1882 1074 1945 θεσπέσιον
1129 1866 1172 1966 ἢ
1228 1877 1420 1964 ῥῆσιν
1464 1877 1873 1965 βαρβαρικὴν
1928 1882 2039 1944 καὶ
2087 1876 2202 1944 διὰ
2244 1880 2442 1943 τοῦτο
2491 1875 2585 1964 [ἐκ

428 1981 550 2043 τοῦ
602 1977 960 2066 βουβῶνος]
1019 1980 1578 2064 δραπετεύοντος,
1638 1980 1739 2047 ἔτι
1795 2003 1907 2047 σοι
1960 1986 2180 2066 γραῶν
2224 1981 2441 2063 μῦθοι
2496 1976 2663 2047 τὰ38

327 2088 402 2144 10
438 2079 756 2165 λεγόμενά
804 2079 965 2148 ἐστι.
1047 2088 1138 2149 10.
1180 2080 1272 2147 Σύ
1318 2107 1440 2165 μοι
1484 2082 1715 2158 δοκεῖς,
1762 2067 1801 2169 ἧ
1848 2076 1907 2148 δ’
1960 2080 2035 2160 ὃς
2079 2078 2114 2149 ό
2146 2076 2583 2165 Δεινόμαχος,

432 2180 562 2271 [τα]
606 2186 888 2249 τοιαῦτα
946 2184 1151 2269 λέγων
1211 2180 1364 2250 οὐδὲ
1408 2182 1617 2260 θεους
1662 2180 1836 2250 εἶναι
1888 2182 2230 2251 πιστεύειν
2276 2182 2343 2250 εί
2378 2207 2451 2270 γε
2493 2181 2584 2272 μὴ

431 2285 562 2352 οἴει
603 2282 727 2362 τὰς
773 2285 987 2363 ἰάσεις
1032 2285 1176 2352 οἶόν
1219 2310 1293 2352 τε
1338 2282 1589 2385 εἶναι(
1556 2286 1690 2353 υπὸ
1742 2287 1936 2373 ἱερῶν
1981 2283 2330 2371 ὀνομάτων
2373 2292 2587 2372 γίγνε-

430 2392 621 2455 σθαι.
709 2391 923 2454 Τοῦτο
968 2392 1108 2472 μέν,
1153 2372 1233 2476 ἦν
1280 2384 1342 2454 δ’
1394 2378 1543 2474 ἐγιό,
1588 2387 1679 2478 μὴ
1727 2390 1889 2475 λέγε,
1936 2416 1988 2453 ω
2037 2384 2302 2472 α’ριστε·
2347 2382 2588 2454 κωλύει

427 2487 555 2575 γὰρ
602 2482 792 2556 οὐδὲν
835 2492 947 2556 καὶ
977 2494 1160 2557 θεῶν
1205 2485 1416 2558 όντων
1448 2483 1630 2618 ὅμως
1673 2489 1758 2557 τὰ
1800 2494 2083 2558 τοιαῦτα
2125 2491 2346 2580 ψευδῆ
2392 2487 2585 2557 εἶναι.

429 2591 556 2677 ἐγὼ
603 2592 675 2658 δὲ
731 2594 841 2659 καὶ
903 2591 1110 2670 θεους
1168 2597 1343 2678 σέβω
1389 2596 1501 2659 καὶ
1549 2592 1765 2671 ἰάσεις
1823 2589 2043 2659 αὐτῶν
2087 2589 2227 2678 δρῶ
2268 2595 2381 2659 καὶ
2427 2621 2468 2658 α
2515 2616 2585 2658 ευ

430 2698 710 2761 ποιοῦσι
750 2693 907 2774 τοὺς
948 2689 1322 2780 κάμνοντας
1365 2692 1501 2764 ὖπὸ
1538 2695 1906 2784 φαρμάκων
1941 2698 2052 2762 καὶ
2100 2695 2397 2782 ἰατρικῆς
2442 2688 2588 2761 ἆνι-

431 2796 733 2876 στάντες·
791 2795 826 2865 ὃ
888 2795 1045 2883 γοῦν
1082 2793 1498 2885 Ἀσκληπιὸς
1557 2791 1757 2876 αὗτὸς
1812 2801 1926 2864 καὶ
1972 2798 2038 2864 οἱ
2096 2798 2338 2875 παῖδες
2385 2792 2589 2863 αὐτοῦ

427 2894 604 2985 ἤπια
649 2899 972 2987 φάρμακα
1014 2898 1385 2978 πάττοντες
1418 2898 1836 2984 ἐθεράπευον
1881 2925 2038 2978 τους
2083 2910 2463 2981 νοσοῦντας,
2510 2891 2586 2964 οὗ

328 3018 395 3071 11
433 3002 702 3078 λεοντᾶς
745 3005 855 3068 καὶ
899 3003 1197 3087 μυγαλᾶς
1249 3000 1759 3085 περιάπτοντες.
1852 3009 1945 3070 11.
1979 2997 2102 3069 ''Ea
2143 3006 2411 3076 τοῦτον,
2457 3000 2587 3088 ε’φη

432 3095 682 3184 εἷ”,Ιων
744 3101 866 3188 ἐγώ
926 3103 998 3170 δὲ
1053 3099 1207 3187 υμῖν
1263 3102 1657 3185 θαυμάσιόν
1714 3129 1782 3170 τι
1837 3104 2260 3192 διηγήσομαι.
2345 3098 2426 3190 ἠν
2469 3103 2590 3186 μὲν

433 3201 558 3288 ἐγώ
620 3198 963 3288 μειράκιον
1023 3202 1121 3272 ἔτι
1181 3201 1356 3293 ἀμφὶ
1414 3203 1500 3271 τὰ
1560 3206 2184 3292 τετταρακαίδεκα’
2164 3208 2274 3295 ε’τη
2324 3205 2589 3288 σχεδόν

429 3298 548 3393 ἧκε
593 3306 665 3372 δέ
707 3331 812 3384 τις
858 3300 1190 3392 άγγέλλων
1236 3311 1330 3394 τῷ
1377 3313 1610 3391 πατρί,
1657 3306 1895 3374 Μίδαν
1940 3306 2056 3374 τὸν
2104 3301 2589 3394 ἀμπελουργόν,

432 3408 801 3496 ἐρρωμένον
847 3408 913 3486 ἐς
956 3407 1040 3475 τὰ
1089 3404 1261 3475 ἄλλα
1307 3408 1566 3496 οἰκέτην
1611 3397 1719 3475 καὶ
1767 3403 2140 3495 ἐργατικόν,
2189 3404 2368 3497 ἀμφὶ
2412 3408 2591 3496 πλή-

429 3515 693 3578 θουσαν
719 3507 965 3598 ἀγορὰν
988 3507 1125 3578 ὑπὸ
1153 3505 1408 3599 ἐχίδνης
1431 3514 1764 3600 δηχθέντα
1794 3517 2071 3579 κεῖσθαι
2092 3508 2216 3602 ἤδη
2244 3512 2591 3600 σεσηπότα

429 3611 505 3680 τὸ
555 3616 817 3692 σκέλος·
866 3615 1223 3682 ἀναδοῦντι
1263 3612 1391 3701 γὰρ
1441 3609 1622 3702 αὐτῷ
1662 3614 1748 3680 τὰ
1791 3613 2094 3702 κλήματα
2122 3618 2235 3682 καὶ
2277 3628 2428 3694 ταῖς
2465 3613 2591 3697 χά-

434 3714 586 3800 ραξι
631 3719 1108 3802 περιπλέκοντι
1151 3716 1633 3843 προσερπύσαν
1692 3708 1774 3784 το“’
1816 3722 2063 3804 θηρίον
2110 3719 2331 3785 δακεῖν
2377 3715 2591 3805 [κατὰ]

432 3814 548 3882 τὸν
605 3821 808 3903 μέγαν
865 3818 1221 3901 δάκτυλον,
1280 3822 1391 3886 καὶ
1450 3818 1525 3887 τὸ
1582 3820 1702 3902 μὲν
1763 3818 2041 3907 φθάσαι
2086 3817 2242 3908 [καὶ]
2299 3817 2593 3885 καταδυν

433 3903 639 3995 αυθις
684 3917 751 3996 ἐς
795 3918 911 3986 τὸν
969 3921 1258 4008 φωλεόν,
1310 3921 1428 3988 τὸν
1477 3922 1548 3988 δὲ
1603 3921 1911 4005 οἰμώζειν
1956 3920 2415 4005 ἀπολλύμενον
2459 3915 2580 3985 υπ’
2609 3941 2671 3992 39

434 4012 834 4106 ἀλγηδόνων.
932 4022 1141 4089 ταυτά
1198 4048 1271 4090 τε
1339 4019 1453 4089 ούν
1511 4018 1958 4112 ἀπηγγέλλετο
2010 4027 2121 4091 καὶ
2175 4027 2294 4091 τὸν
2351 4022 2591 4090 Μίδαν
