2867 4525
1104 267 1481 324 ἈΝΑΧΑΡΣΙΣ
2304 268 2382 325 47

214 427 420 502 ἄλλοι
495 434 566 501 δὲ
643 426 980 517 ἀλλαχόθι
1045 436 1296 516 πάντες
1361 436 1703 524 ἐγκονοῦσι
1767 441 1909 504 καὶ·
1949 432 2386 526 ἀναπηδῶσιν

214 528 455 618 ὥσπερ
508 541 789 614 θέοντες
847 535 964 604 ἐπὶ
1019 542 1140 604 τοῦ
1201 535 1406 606 αὐτοῦ
1458 544 1770 625 μένοντες
1823 542 1938 608 καὶ
2002 540 2069 617 ἐς
2124 538 2199 606 τὸ
2247 535 2388 605 ’ἀνω

108 638 727 723 886συναλλόμενοι
761 639 1141 720 λακτίζουσι
1196 638 1314 707 τὸν
1363 637 1547 726 ἀέρα.
1638 649 1697 711 5.
1746 645 1957 709 ταῦτα
2004 667 2152 712 ουν
2165 640 2383 708 ἐθέλω
2419 650 2457 706 5

216 738 473 807 εἰδέναι
514 747 698 819 τίνος
744 738 1011 827 ἀγαθοῖ
1045 731 1125 809 ἀν
1158 742 1261 830 ε’ίη
1294 757 1551 811 ποιεῖν·
1598 740 1690 822 ὥς
1721 743 1946 831 ε’μοιγε
1973 749 2185 831 μανίᾳ
2214 745 2386 826 μᾶλ-

218 844 336 908 λον
384 841 671 910 ἐοικέναι
718 843 898 911 δοκεῖ
940 844 1016 910 τὸ
1066 848 1364 932 πρᾶγμα,
1409 845 1522 911 καὶ
1571 841 1688 912 οὐκ
1719 845 1901 912 ε’στιν
1932 845 2122 923 οστις
2155 835 2235 910 ἀν
2268 845 2388 932 ρᾳ-

220 944 386 1021 δίως
414 950 850 1028 μεταπείσειέ
877 971 962 1030 με
991 941 1084 1025 ὥς
1116 943 1191 1013 οὗ
1216 953 1735 1032 παραπαίουσιν
1760 948 1826 1014 οἱ
1847 950 2061 1014 ταῦτα
2085 947 2385 1032 δρῶντες.

395 1052 451 1113 6.
498 1049 852 1115 ΣΟΛΩΝ.
897 1050 1038 1115 Καὶ
1084 1046 1376 1130 εἰκότως,
1430 1034 1486 1114 ὦ
1523 1045 1902 1135 Ἀνάχαρσι,
1949 1046 2229 1115 τοιαῦτά
2277 1071 2385 1115 σοι
2421 1059 2459 1113 6

218 1145 305 1213 τὰ
365 1147 719 1235 γιγνόμενα
778 1156 1096 1237 φαίνεται
1156 1150 1308 1230 ξένα
1365 1176 1440 1238 γε
1493 1146 1656 1218 ὄντα
1713 1155 1826 1220 καὶ
1880 1151 2213 1235 πάμπολυ
2256 1153 2390 1240 τῶν

219 1253 574 1322 Σκυθικῶν
621 1249 805 1330 ἐθῶν
852 1247 1241 1340 ἀπᾴδοντα,
1299 1251 1621 1338 καθάπερ
1655 1255 1780 1323 ,καὶ
1824 1249 1978 1336 ὖμῖν
2023 1251 2248 1319 πολλὰ
2295 1251 2390 1318 εἰ·

218 1350 339 1430 κὸς
386 1349 559 1419 εἶναι
600 1348 980 1441 μαθήματα
1023 1357 1133 1422 καὶ
1167 1353 1668 1442 ἐπιτηδεύματα
1710 1368 1854 1433 τοῖς
1873 1354 2191 1443 ’Ἕλλησιν
2228 1350 2389 1444 ἡμῖν

223 1451 559 1522 ἀλλόκοτα
617 1452 790 1523 εἶναι
847 1455 1134 1535 δόξαντα
1192 1452 1310 1532 ἀν,
1370 1457 1438 1523 εί
1487 1483 1593 1536 τις
1633 1455 1824 1575 ἡμῶν
1868 1450 2102 1544 ὥσπερ
2149 1456 2228 1524 σὺ
2275 1459 2389 1525 νῦν

223 1555 548 1647 ἐπισταίη
597 1551 848 1636 αἰτοῑς.
921 1558 1101 1644 πλὴν
1147 1554 1320 1625 ἀλλὰ
1363 1553 1632 1646 θάρρει,
1680 1544 1944 1644 ωγαθέ·
1993 1556 2069 1626 οὗ
2099 1560 2229 1646 γὰρ
2258 1584 2390 1641 μα-

225 1664 339 1725 νία
395 1657 480 1724 τὰ
533 1654 892 1745 γιγνόμενά
950 1658 1131 1727 ἐστιν
1190 1655 1337 1727 οὐδ’
1401 1656 1512 1749 ἐφ’
1575 1660 1765 1747 ῧβρει
1823 1685 2011 1727 ουτοι
2066 1665 2391 1727 παίουσιν

225 1757 559 1848 ἀλλήλους
615 1763 728 1827 καὶ
783 1762 1120 1830 κυλίουσιν
1178 1761 1247 1828 ἐν
1304 1765 1401 1848 τῷ
1446 1763 1644 1849 πηλῷ
1691 1751 1730 1850 ἢ
1777 1759 2228 1829 ἐπιπάττουσι
2272 1760 2393 1849 τὴν

222 1861 443 1949 κόνιν,
505 1861 658 1929 ἀλλ’
725 1863 859 1947 ἔχει
901 1863 1052 1931 τινὰ
1093 1870 1325 1951 χρείαν
1372 1860 1489 1929 οὐκ
1534 1857 1805 1951 ἀτερπῆ,
1834 1861 1910 1929 τὸ
1959 1867 2238 1950 πρᾶγμα
2280 1866 2392 1930 καὶ

226 1958 444 2052 ἀκμὴν
503 1961 579 2031 οὗ
634 1965 878 2051 μικράν
937 1965 1178 2052 ἐπάγει
1234 1979 1379 2043 τοῖς
1435 1964 1776 2049 σώμασιν·
1832 1955 1913 2053 ἢν
1967 1970 2126 2052 γοῦν
2172 1965 2393 2033 ἐνδια-

223 2073 510 2154 τρέψῃς,
579 2053 807 2154 ὥσπερ
869 2065 1061 2152 οἶμαί
1120 2090 1196 2133 σε
1252 2066 1598 2155 ποιήσειν,
1653 2071 1746 2155 τῇ
1786 2062 2083 2150 Ἑλλάδι,
2153 2066 2268 2136 οὐκ
2327 2067 2395 2147 ἐς

224 2169 487 2256 μακρὰν
533 2167 674 2257 [εἷς]
718 2172 832 2236 καὶ
879 2169 1078 2293 αὐτὸς
1122 2169 1238 2257 ε’,σῃ
1284 2173 1417 2237 τῶν
1450 2161 2014 2258 πεπηλωμένων’
1988 2197 2027 2258 η
2057 2176 2393 2256 κεκονιμέ-

228 2291 393 2338 νων·
453 2272 628 2339 οὕτω
687 2285 799 2339 σοι
841 2271 918 2340 τὸ
967 2276 1244 2360 πρᾶγμα
1288 2272 1410 2359 ἡδύ
1455 2297 1530 2339 τε
1575 2265 1714 2357 άμα
1757 2276 1870 2347 καὶ
1916 2275 2253 2353 λυσιτελὲς
2297 2271 2391 2341 εἶ-

228 2401 342 2443 ναι
389 2374 590 2453 δόξει.

119 2490 205 2540 887
400 2480 715 2543 ΑΝΑΧ.
748 2471 1047 2562 ”Απαγε,
1106 2501 1160 2543 ω
1208 2475 1471 2559 Σόλων,
1530 2473 1686 2562 ὑμῖν
1741 2480 1955 2543 ταῦτα
2005 2480 2263 2563 γένοιτο
2308 2505 2393 2544 τα

226 2573 546 2666 ὠφέλιμα
589 2581 700 2645 καὶ
745 2575 1024 2701 τερπνά,
1072 2577 1187 2661 ἐμὲ
1234 2578 1305 2644 δὲ
1355 2577 1422 2644 εἴ
1460 2603 1566 2656 τις
1609 2573 1793 2664 υμῶν
1836 2577 2105 2646 τοιοῦτό
2152 2604 2220 2646 τι
2252 2579 2391 2646 δια-

222 2686 421 2769 θείη,
482 2681 737 2748 εἵσεται
796 2676 888 2758 ὦς
944 2676 1020 2746 οὗ
1077 2679 1294 2769 μάτην
1351 2679 1880 2767 παρεζώσμεθα
1894 2680 2011 2745 τὸν
2058 2676 2388 2767 ἀκινάκην.
2429 2698 2460 2752 7

228 2789 287 2847 7.
336 2778 508 2868 ἀτάρ
556 2781 709 2848 ειπέ
751 2807 890 2866 μοι,
936 2787 1005 2847 τί
1048 2807 1262 2867 ονομα
1308 2781 1569 2855 ε’θεσθε
1605 2794 1749 2860 τοῖς
1776 2785 2207 2867 γιγνομένοις,
2253 2808 2293 2870 η
2324 2789 2393 2850 τί

225 2887 465 2971 φῶμεν
512 2897 739 2951 ποιεῖν
786 2877 1058 2967 αυτούς,-

398 2991 622 3057 ΣΟΛ.
664 2982 737 3054 Ὁ
780 2986 901 3070 μὲν
940 2989 1157 3074 χῶρος
1205 2982 1437 3066 αὐτός,
1496 3012 1550 3052 ω
1586 2982 1983 3070 Ἀνάχαρσι,
2028 2983 2392 3071 γυμνάσιον

224 3083 352 3177 ὑφ’
413 3085 604 3175 ἡμῶν
672 3082 1072 3173 ὀνομάζεται
1127 3092 1241 3156 καὶ
1299 3087 1483 3177 ἔστιν
1542 3086 1722 3174 ἱερὸν
1775 3081 2214 3181 ’Λπόλλωνος
2273 3090 2394 3154 τοῦ

212 3197 565 3264 Λυκείου·
611 3193 724 3258 καὶ
769 3190 845 3257 τὸ
896 3185 1161 3277 ἀγαλμα
1208 3190 1279 3256 δὲ
1311 3184 1515 3256 αὐτοῦ
1548 3185 1729 3277 ὁρᾷς,
1775 3188 1892 3256 τὸν
1926 3188 2042 3256 ἐπὶ
2074 3192 2156 3277 τῇ
2188 3189 2391 3278 στήλῃ

224 3294 643 3377 κεκλιμένον,
700 3296 783 3381 τῇ
844 3289 1164 3379 ἀριστερᾷ
1219 3290 1339 3376 μὲν
1397 3292 1476 3358 τὸ
1536 3286 1731 3370 τόξον
1788 3290 2053 3374 ἔχοντα,
2114 3288 2152 3375 ἡ
2209 3291 2394 3370 δεξιά

228 3395 327 3477 625
359 3389 536 3478 ὑπὲρ
566 3397 712 3481 “τῆς
767 3394 1062 3481 κεφαλῆς
1121 3391 1651 3481 ἀνακεκλασμένη
1706 3392 1936 3478 ὥσπερ
1984 3392 2053 3460 ἐκ
2095 3394 2392 3477 καμάτου

225 3499 488 3582 μακροῦ
546 3491 1063 3579 ἀναπαυόμενον
1120 3495 1413 3563 δείκνυσι
1465 3493 1584 3563 τὸν
1642 3494 1828 3561 θεόν.
1916 3498 2000 3560 8..
2036 3497 2169 3560 τῶν
2223 3519 2389 3579 γυμ-
2425 3516 2461 3571 8

228 3597 591 3680 νασμάτων
636 3597 709 3663 δὲ
751 3597 1007 3663 τούτων
1052 3596 1126 3664 τὸ
1174 3597 1295 3682 μὲν
1342 3597 1410 3664 ἐν
1454 3600 1552 3684 τῷ
1597 3597 1796 3684 πηλῷ
1827 3595 2033 3663 ἐκεῖνο
2066 3594 2248 3682 πάλη
2278 3620 2393 3673 καή-

226 3703 470 3781 λεῖται,
518 3699 586 3767 οἱ
619 3695 682 3765 δ’
722 3697 904 3787 ἓντῇ
932 3698 1112 3767 κόνει
1142 3701 1519 3770 παλαίουσί
1545 3702 1656 3766 καὶ
1691 3696 1902 3778 αὐτοί,
1947 3697 2023 3779 τὸ
2060 3696 2132 3763 δὲ
2162 3704 2395 3765 παίειν

228 3797 563 3890 ἀλλήλους
620 3794 1052 3890 ὀρθοστάδην
1109 3794 1627 3888 παγκρατιάζειν
1683 3800 1974 3885 λέγομεν.
2063 3802 2176 3867 καὶ
2226 3795 2394 3866 ἀλλα

228 3905 306 3972 δὲ
348 3900 511 3991 ἡμῖν
558 3901 703 3970 ἐστι
745 3903 1184 3989 γυμνάσματα
1231 3906 1515 3970 τοιαῦτα
1559 3905 1823 3989 πυγμῗς
1865 3903 1978 3968 καὶ
2024 3901 2252 3968 δίσκου
2282 3894 2394 3969 καὶ

223 4010 351 4074 τοῦ
399 4001 931 4093 ὑπεράλλεσθαι,
989 3999 1084 4072 ὦν
1131 4000 1450 4073 ἁπάντων
1498 3999 1755 4092 ἀγῶνας
1801 4008 2236 4088 προτίθεμεν,
2281 4006 2393 4071 καὶ
