2867 4525
262 1068 320 1109 C.

266 1477 322 1517 G.

360 1053 457 1108 14.

360 1462 456 1518 15.

772 258 1031 313 LUCIANI
1069 257 1432 312 RHETORUM
1472 257 1921 312 PRAECEPTOR.
2312 257 2439 316 223

486 430 1194 514 ὑπερεκπεπληγμένων
1243 426 1264 513 Ι
1321 476 1335 491 .
1397 476 1410 491 .
1470 434 1898 513 κεκλημένων
1962 435 2121 493 1324
2177 429 2442 513 ὑπερεκ-

488 537 953 617 πληττομένων
980 531 1056 594 Ψ
1076 565 1162 580 -
1184 529 1691 618 προσδοκήσῃςΙ
1714 580 1727 594 .
1753 580 1767 595 .
1792 531 2003 616 κη’σεις
2032 529 2241 598 ΔΩΨ
2283 539 2440 595 1324

490 634 543 698 B
587 671 670 683 —
715 642 910 723 τῷδε
955 634 995 719 ἢ
1038 641 1240 722 τῷδε
1279 631 1300 718 Ι
1341 632 1489 701 τόδὲ
1531 634 1569 718 ἢ
1625 631 1772 701 τόδὲ
1816 640 1873 701 Δ
1915 672 2000 684 -
2045 644 2443 717 παραβαλεῖν

486 737 506 820 Ι
548 735 990 821 παραβάλλειν
1023 733 1094 798 Ω
1138 770 1224 787 --
1266 734 1442 802 πολὺ
1482 734 1503 821 Ι
1546 757 1659 800 om.
1692 735 1770 797 Ψ
1799 771 1883 783 -
1913 737 2443 819 ὑπερφωνοῦντα

489 840 508 923 Ι
552 861 606 903 ο.
649 861 769 904 ras-
812 844 872 903 in
910 849 1008 906 'ta
1039 876 1123 890 --
1160 836 1457 906 ὁπόσουν
1484 838 1504 922 Ι
1531 836 1783 905 ὁπόσον
1812 836 1991 906 ΔΩΒ
2022 874 2106 887 -
2142 847 2443 918 μελίττας

490 941 512 1027 Ι
554 961 632 1009 σσ
677 947 734 1008 Δ
784 948 944 1006 1324
991 977 1072 988 -
1111 949 1307 1024 χοροὶ
1349 941 1369 1025 Ι
1405 950 1615 1025 χωροὶ
1669 948 1827 1005 1324

486 1043 654 1127 παρ’
711 1042 918 1111 ἄλλου
971 1040 991 1123 Ι
1047 1069 1115 1109 π.
1173 1037 1397 1110 ἄλλων
1444 1043 1522 1105 Ψ
1586 1078 1658 1091 -
1718 1042 1979 1122 μάθοις
2019 1041 2040 1128 Ι
2092 1053 2215 1127 θης
2258 1047 2314 1110 A
2361 1082 2444 1092 —

490 1145 699 1230 δεήσει
754 1145 907 1231 Ι..
969 1163 1046 1229 ση
1091 1143 1218 1211 ΑΩ
1271 1152 1432 1209 1324
1489 1184 1572 1193 -
1630 1146 1927 1227 ἀνίπτοις
1983 1172 2049 1212 π.
2100 1194 2114 1208 .
2175 1194 2188 1209 .
2248 1157 2440 1225 ειη-ἡὴ*

488 1249 510 1334 Ι
550 1264 691 1329 τοῖς
750 1275 816 1315 π.
863 1245 934 1310 Ω
978 1248 1276 1328 ἀνίπτοις
1322 1257 1519 1332 φησιν
1561 1249 1600 1332 ἡ
1644 1258 1957 1333 παροιμία
2000 1257 2192 1316 ποσὶν
2244 1253 2316 1309 ’Ψ
2368 1289 2432 1293 -

493 1357 661 1435 εἰδῇς
706 1351 726 1435 Ι
766 1353 902 1434 ἴὸης
946 1347 1016 1413 Ω
1061 1388 1145 1402 --
1187 1360 1393 1418 ταῦτα
1437 1352 1459 1436 Ι
1500 1349 1713 1418 πάντα
1759 1348 1830 1413 Ω

491 1450 528 1520 ὅ
587 1452 804 1537 ῥήτωρ
862 1506 874 1520 .
940 1499 956 1514 .
1016 1501 1031 1515 .
1090 1457 1324 1535 ἔχοντα
1379 1450 1400 1537 Ι
1458 1474 1566 1520 om.
1631 1450 1702 1515 Ω
1758 1451 1847 1535 (in
1903 1458 2172 1533 margine
2246 1465 2444 1517 ταῦτα

496 1556 533 1623 ὃ
567 1559 704 1640 ὁητ.
735 1559 902 1637 λέξω
933 1561 1000 1622 δὲ
1030 1609 1043 1623 .
1083 1603 1096 1617 .
1131 1602 1145 1617 .
1179 1558 1410 1638 ἔχοντα
1433 1553 1527 1635 Ω)
1559 1590 1633 1604 --
1673 1554 1891 1622 ἔπειτα
1919 1554 2159 1633 καυτὸς
2188 1557 2204 1637 Ι
2236 1557 2404 1621 ἕπε-ετ
2436 1561 2444 1573 ““

491 1656 688 1737 αὐτὸς
732 1658 811 1720 Ψ
853 1693 937 1705 -
981 1662 1141 1737 μέσα
1183 1658 1205 1743 Ι
1243 1656 1324 1724 τὰ
1373 1662 1534 1735 μέσα
1578 1657 1657 1719 Ψ
1705 1690 1781 1703 -
1829 1666 2163 1724 τελευταῖα
2204 1657 2224 1741 Ι
2272 1661 2340 1721 rig:
2396 1689 2440 1721 r.

490 1761 569 1823 Ψ
611 1794 697 1809 -—
740 1770 875 1827 τῶν
934 1770 1061 1842 λεγ.
1104 1759 1124 1843 Ι
1169 1760 1432 1830 αΰτῶῗ
1478 1759 1557 1821 Ψ
1604 1796 1687 1807 -
1740 1758 2240 1844 ἐπιχειρούντων
2280 1761 2300 1845 Ι
2348 1769 2440 1825 ἐπ,

489 1868 661 1947 ἔχων
689 1860 758 1924 Ω
798 1899 881 1911 -
926 1866 1029 1928 ἐπὶ
1073 1860 1290 1950 τούτῳ
1331 1861 1354 1947 Ι
1397 1865 1446 1927 ἐ.
1491 1861 1753 1941 τούτοις
1784 1860 1853 1924 Ω
1901 1901 1984 1912 -
2030 1871 2155 1928 καὶ
2200 1865 2444 1937 τέλματι·

556 1987 685 2029 om.
729 1972 861 2031 καὶ
905 1962 974 2026 Ω
1019 2002 1101 2015 -·
1148 1969 1308 2051 αἰδῷ
1347 1963 1368 2050 Ι
1412 2012 1426 2026 .
1475 1970 1569 2030 δῶ
1622 1959 1974 2046 1324-ἢ
2020 1967 2236 2029 ἐπιεικ.
2268 1969 2284 2045 Ι
2316 1977 2443 2029 τιτι-τὲ

491 2068 626 2134 ΔΨ
665 2073 823 2131 1324
855 2065 908 2128 Β
938 2102 1021 2113 -
1053 2066 1228 2134 πάνυ
1261 2066 1580 2148 α’ναγκαῖα
1608 2066 1630 2151 Ι
1658 2066 1755 2134 α’ν.
1792 2066 1970 2135 πάνυ
2002 2065 2071 2129 Ω
2100 2067 2312 2133 πάντα
2344 2069 2444 2129 [ἐν.

495 2169 571 2232 Ψ
600 2206 686 2217 --
713 2167 883 2247 μόνα
913 2177 1020 2235 καὶ
1066 2173 1242 2235 ἔστιν
1288 2165 1394 2235 ὅτε
1442 2167 1634 2235 ἱκανά
1674 2168 1695 2253 Ι
1737 2177 1867 2235 καὶ
1910 2167 2081 2246 μόνα
2128 2171 2296 2234 ἔστιν
2344 2169 2444 2233 ὅτε

495 2271 686 2340 ἱκανά
729 2269 798 2334 Ω
842 2307 928 2319 -
971 2271 1165 2356 λευκὴ
1211 2271 1230 2355 ΙΙ
1271 2279 1380 2339 καὶ
1423 2267 1471 2354 ἡ
1514 2271 1710 2356 λευκὴ
1763 2279 1921 2336 1324
1968 2269 2170 2335 ΩΨΒ
2216 2309 2292 2317 -
2344 2281 2444 2333 καὶ

493 2401 636 2457 γυν.
681 2374 705 2459 Ι
746 2397 861 2439 om.
926 2383 1035 2441 καὶ
1104 2374 1240 2440 ΑΨ
1314 2382 1475 2439 1324
1549 2412 1632 2423 -
1704 2375 1807 2456 ὡς
1877 2382 2444 2455 ὃιαφαίνεῡῌιῑη

495 2464 712 2540 lamina
753 2481 814 2539 in
843 2474 894 2538 B
927 2513 1008 2522 —
1039 2478 1232 2559 ἔργον
1275 2474 1295 2561 Ι
1339 2479 1493 2559 ἔρνα
1521 2474 1729 2543 ΔΩΨ
1782 2483 1941 2540 1324
1975 2474 2028 2537 Β
2058 2512 2143 2524 -
2171 2475 2208 2557 ἦ·
2244 2477 2272 2557 ἡ·
2312 2481 2444 2549 ἐμβ-

497 2577 520 2664 ΙΙ
553 2601 667 2642 om.
712 2578 749 2662 ἢ
797 2576 947 2641 ΩΨ
999 2584 1160 2642 1324
1207 2616 1292 2626 -
1336 2586 1675 2644 Σικνωνία
1718 2577 1740 2662 Ι
1785 2625 1799 2640 .
1847 2604 1904 2644 ο.
1951 2578 2030 2639 Ψ

277 2704 331 2745 ο.
366 2689 465 2745 16.
496 2689 605 2748 καὶ
637 2680 716 2764 δὴ
745 2679 767 2763 Ι
795 2703 909 2745 om.
942 2678 1015 2764 δὴ
1038 2678 1107 2742 Ω
1140 2718 1223 2727 -
1253 2699 1356 2746 σοι
1387 2679 1405 2763 Ι
1435 2699 1538 2747 σοι
1583 2685 1648 2745 δὲ
1673 2677 1742 2741 Ω
1776 2713 1857 2726 --
1888 2678 2038 2744 οὐδὲ
2082 2680 2440 2757 dumam-fs.

279 3521 331 3564 C·

366 3507 466 3562 17.

489 2781 510 2866 Ι
539 2783 732 2850 ου’ὁὲν
750 2785 781 2844 P
827 2782 904 2844 Ψ
935 2819 1016 2829 --
1047 2782 1430 2866 προσήσεται
1460 2780 1481 2866 Ι
1509 2790 1838 2865 προσίεται
1865 2780 1943 2842 Ψ
1969 2789 2368 2863 ’προσεὲῡεῃτε
2396 2789 2444 2846 A

493 2921 580 2932 —
623 2893 751 2951 καὶ
811 2905 989 2968 σκορ.
1032 2883 1053 2970 Ι
1094 2885 1283 2951 οὐδὲ
1343 2906 1440 2951 σκ.
1490 2931 1503 2945 .
1550 2937 1564 2950 .
1615 2881 1684 2946 Ω
1726 2919 1813 2939 -.-
1868 2883 2208 2949 α’τελεστον
2256 2886 2272 2966 ΙΙ
2320 2886 2448 2946 εἶτε-

493 2993 814 3066 μέστατον
857 2986 994 3053 ΑΨ
1046 2994 1207 3050 1324
1256 3024 1336 3034 -
1383 2985 1548 3052 ἀλλὰ
1588 2985 1609 3069 Ι
1652 3007 1766 3048 om.
1812 2983 1881 3047 Ω
1926 3021 2007 3030 -
2055 2983 2268 3051 ἔπειμι-[ω.Γ
2328 2994 2384 3050 ὑὲ
2436 2994 2452 3062 ξ’

498 3111 613 3153 om.
660 3096 725 3156 δὲ
771 3088 840 3152 Ω
887 3125 968 3136 -
1014 3114 1145 3156 που
1189 3089 1208 3174 Ι
1252 3111 1366 3153 om.
1398 3093 1453 3154 A
1506 3093 1667 3151 1324
1712 3123 1796 3136 —-·
1842 3087 1879 3171 ἢ
1928 3087 2014 3154 οὐ
2055 3085 2076 3172 Ι
2115 3086 2324 3151 0111.ss
2372 3126 2444 3130 -

496 3193 738 3259 εἴκοσιν
791 3190 814 3276 Ι
870 3239 884 3254 .
945 3210 1006 3256 σι
1050 3189 1119 3253 Ω
1163 3226 1244 3239 --
1291 3189 1535 3257 Αττικά
1578 3187 1599 3274 Ι
1642 3190 1924 3256 ἅττικῶν
1974 3189 2111 3256 ΔΨ
2162 3198 2320 3254 13εὶ-*ι1
2372 3230 2448 3234 -

495 3302 604 3360 καὶ
660 3303 863 3361 ταῦτα
906 3293 926 3378 Ι
969 3314 1082 3357 om.
1128 3290 1333 3359 ΑΩΨ
1387 3301 1548 3357 1324
1595 3328 1674 3341 -
1723 3292 2030 3376 πρόχειρα
2071 3289 2092 3376 Ι
2135 3290 2175 3356 ἃ
2232 3322 2336 3366 πμ.
2384 3290 2452 3350 Ω

496 3431 580 3443 --
627 3403 697 3462 εἰ
738 3396 1018 3476 α’νόμοια
1059 3395 1078 3479 Ι
1124 3395 1235 3461 ἐὰν
1280 3393 1349 3457 Ω
1399 3431 1476 3449 2·-
1525 3394 1757 3479 σισύρα
1798 3393 1819 3479 Ι
1863 3391 2091 3476 σιτύρα
2144 3400 2298 3454 1324

498 3501 636 3565 καὶ
682 3518 868 3566 σπαν.
903 3498 1062 3582 Ιοω.
1113 3505 1220 3562 καὶ
1250 3496 1319 3560 Ω
1352 3535 1437 3546 —
1479 3505 1587 3581 είρ.
1638 3496 1769 3564 ὑπὸ
1813 3523 1865 3562 τ.
1915 3494 2114 3560 πάλαι
2143 3493 2161 3576 Ι
2188 3494 2244 3562 ᾗ,
2284 3522 2332 3558 τ.
2388 3522 2444 3558 π.

499 3606 794 3684 εἰρημένα
840 3598 909 3662 Ω
963 3637 1035 3647 -
1096 3599 1376 3684 ξυμφυρ.
1424 3598 1446 3685 Ι
1490 3619 1528 3666 σ
1570 3596 1639 3661 Ω
1690 3634 1762 3646 -
1824 3594 2392 3680 προχειριζόμενος
2436 3598 2452 3670 ξζ

496 3758 510 3771 .
540 3731 744 3788 χαρι.
776 3708 834 3770 A
862 3739 944 3751 -—
977 3703 1149 3786 πρὸς
1192 3730 1248 3768 τ.
1295 3702 1466 3780 ὁμιλ.
1498 3704 1519 3786 Ι
1548 3704 1618 3780 ἐς
1662 3729 1714 3767 τ.
1763 3706 2348 3786 προσομιλοῦντας
2388 3694 2452 3758 Ω

495 3842 577 3854 -
601 3806 778 3875 οὕτω
795 3805 1228 3891 ΙοῧτωςΨ-
1246 3805 1881 3887 ἀποστλεγγίσασθαι
1909 3801 1928 3886 Ι
1956 3828 1995 3882 γ
2017 3801 2096 3863 Ψ
2120 3837 2196 3846 --
2228 3802 2452 3866 εέπεμῑτ,

494 3915 613 3988 μὲν
641 3937 693 3977 τ.
728 3909 747 3993 Ι
778 3932 894 3973 om.
924 3915 1039 3987 μὲν
1070 3905 1198 3973 ΑΩ
1231 3943 1304 3954 -—
1345 3912 1560 3988 λέγοι
1592 3933 1713 3984 τις
1742 3904 1762 3990 Ι
1791 3909 2057 3986 λέγοις
2087 3899 2156 3964 Ω
2200 3910 2356 3982 λέγει
2396 3930 2452 3966 ηε

495 4031 616 4075 ree.
641 4034 720 4075 m.
746 4048 829 4060 —
851 4017 1317 4093 εἱληθερεῖσθαι
1339 4007 1359 4092 Ι
1379 4008 1833 4092 ἠληθερεῖσθαι
1859 4006 1938 4067 Ψ
1966 4041 2039 4053 -
2066 4032 2121 4071 τ.
2148 3996 2312 4086 aiffa
2348 4010 2404 4062 255.-
2440 4002 2456 4078 ΙΙ
