2867 4525
434 307 556 366 286

1155 307 1539 361 ADNOTATlo
1578 307 1849 361 CRITICA.
1957 332 1960 335 “

645 482 787 544 Cum
845 488 1081 562 praeter
1133 481 1277 544 Cod.
1338 479 1389 543 21
1448 482 1622 542 etiam
1681 499 1904 543 summe
1958 483 2062 542 ille
2111 482 2398 559 probatus
2442 481 2595 543 Cod.

645 580 691 644 Γ
721 586 940 646 habeat
967 584 1130 649 εἶναι
1171 587 1385 648 δοκῶν
1429 602 1547 643 non
1594 582 1857 644 dubitavi
1901 583 2058 644 hane
2098 585 2410 644 lectionem
2439 586 2595 644 reoi-

639 705 782 764 pere
827 687 995 750 det.
1042 721 1122 731 —
1168 691 1277 749 καὶ
1323 681 1399 748 σὺ
1445 692 1827 761 τοιοῦτος
1869 679 2067 766 ἦσθα
2112 681 2151 766 ἦ
2192 683 2361 767 μόνη
2407 686 2589 762 ἐλπὶς

637 787 655 864 ΙΙ
698 797 1094 865 τοιοῦτος
1138 783 1227 865 ὃς
1281 782 1468 868 ἦσθα.
1525 786 1691 849 det.
1739 782 1812 863 ὃς
1866 792 2003 863 post
2053 794 2366 861 τοιοῦτος
2407 786 2588 848 faeile

639 891 916 953 excidere
958 895 1207 970 poterat.
1280 889 1474 952 Etiam
1516 899 1582 950 ιιι
1627 887 1763 950 talis
1804 892 1916 961 vir,
1960 893 2063 969 qui
2101 889 2226 951 sola
2268 907 2391 968 spes
2434 892 2586 948 veri-

635 997 771 1054 tatis
814 1027 898 1038 —
942 993 1314 1075 ἐρεσχηλεῖν
1347 986 1370 1073 ΙΙ
1404 1038 1416 1053 .
1452 1014 1495 1056 ε.
1532 985 1724 1054 mm)
1770 1027 1845 1037 -—
1899 986 2297 1068 στειλάμενοι
2326 1014 2586 1072 νεκρι-

634 1103 787 1172 κῶς
818 1093 842 1174 fl
873 1108 1197 1177 νεκροῖς
1243 1095 1597 1175 ἐμφερῶς
1644 1092 1695 1156 21
1742 1093 1832 1155 Cf.
1879 1095 1956 1154 ad
1999 1094 2102 1155 Bis
2130 1093 2344 1154 Aecus.
2391 1111 2441 1157 o.
2480 1095 2583 1153 22.

635 1191 906 1278 Γοργόνι
938 1192 1230 1278 ἐμφερής.
1295 1198 1542 1256 Ioarom.
1575 1215 1625 1258 e.
1653 1199 1754 1257 29.
1787 1197 2077 1277 ἐμφερεῖς
2106 1246 2120 1261 .
2154 1246 2167 1260 .
2202 1209 2342 1272 τοῖς
2370 1219 2586 1277 τραγι·

632 1312 776 1375 κοῖς
843 1299 1110 1375 ἐκείνοις
1172 1294 1580 1380 ὑποκριταῖς.
1678 1299 1874 1359 Induti
1929 1293 2370 1378 (στειλάμενοι)
2430 1317 2583 1360 mor-

630 1403 859 1461 tuorum
901 1403 1088 1462 instar
1129 1404 1296 1462 veste
1338 1402 1530 1476 nigra.

418 1517 470 1558 e.
500 1503 598 1560 33.
621 1497 783 1581 τάχα
826 1499 946 1585 γὰρ
992 1500 1093 1568 ἂν.
1142 1547 1157 1563 .
1201 1547 1216 1563 .
1261 1507 1822 1587 προσβιβασθείης
1854 1498 1878 1584 ΙΙ
1909 1525 2064 1584 προ
2107 1497 2231 1566 ssa
2279 1535 2354 1545 —
2403 1498 2580 1583 ῗερὸν

629 1596 854 1686 ἄνδρα,
899 1602 1310 1687 ἐξύρημένον,
1357 1605 1427 1669 ἐν
1473 1603 1786 1680 ὀθονίοις,
1831 1599 2217 1683 νοήμονα,
2264 1602 2349 1669 ου’
2376 1611 2578 1669 καθα·

627 1712 759 1787 ρῶς
798 1709 1214 1791 ἑλληνίζοντα
1246 1705 1270 1790 fl
1303 1726 1416 1767 om.
1450 1703 1841 1788 νοήμονα,
1887 1708 2029 1782 quia
2058 1710 2252 1767 omnia
2280 1706 2581 1785 adjectiva

525 1802 528 1805 ’
630 1813 872 1870 externa
935 1812 1107 1888 signa
1163 1811 1496 1889 continent,
1565 1811 1789 1870 nullum
1843 1808 1922 1868 ad
1973 1810 2271 1886 ingenium
2326 1812 2577 1886 spectat.

627 1906 974 1992 πρόχειλον
1006 1908 1031 1994 ΙΙ
1062 1918 1366 1993 προχειλῆ
1403 1905 1528 1971 ΩΓ

413 2029 464 2071 e.
493 2017 593 2073 35.
627 2010 836 2094 ἐπειδὴ
877 2017 1200 2090 ἔλθοιμεν,
1246 2010 1472 2092 λαβὼν
1517 2003 1599 2077 ι’ίν
1646 2056 1661 2070 .
1706 2062 1720 2077 .
1772 2012 1972 2077 ἐποίει
2015 2015 2315 2093 βαδίζειν,
2361 2010 2574 2094 ἐπειδὴ

626 2110 768 2192 ἅλις
812 2117 946 2195 ἔχοι
992 2116 1192 2180 ἐποίει
1239 2112 1321 2180 ἂν
1368 2115 1444 2176 de
1489 2116 1721 2175 actione
1764 2117 1995 2175 iterata.

409 2235 461 2277 e.
491 2222 589 2280 36.
625 2225 1010 2300 σχηματίσας
1042 2213 1066 2301 ΙΙ
1099 2217 1338 2280 Comma
1360 2218 1698 2296 ponendum
1726 2221 1864 2295 post
1893 2213 2135 2295 ὁμοίως
2169 2225 2569 2299 σχηματίσας.

397 2440 450 2481 e.
479 2426 580 2483 37.

395 2645 445 2686 o.
475 2629 575 2687 38.

388 3465 436 3506 o.
466 3452 566 3507 40.

621 2318 864 2397 ὁμοίως
907 2323 1060 2381 sieut
1102 2325 1240 2382 ante
1285 2321 1507 2382 factum
1553 2339 1683 2383 esse
1726 2322 1973 2382 viderat.

613 2419 697 2486 ου’
719 2419 875 2486 πα“υ’
891 2429 1026 2486 εσθ
1042 2445 1070 2485 ε
1102 2419 1125 2504 ΙΙ
1157 2428 1451 2488 πείσεσθε
1471 2424 1587 2485 Bk.
1613 2425 1711 2484 Fr.
1736 2420 1881 2487 κᾶν
1903 2447 1958 2486 τ.
1981 2446 2228 2505 μειρακ.
2254 2422 2458 2487 ἕνεκα.

609 2522 806 2585 saltem
828 2567 844 2584 .
862 2523 963 2584 Bis
987 2543 1114 2585 aee.
1140 2543 1191 2585 o.
1228 2530 1277 2588 l.
1299 2560 1387 2569 ——
1410 2530 1498 2602 εἰς
1523 2517 1779 2589 ἄλλον
1802 2518 2286 2609 καιρὸνΙᾶλλον
2306 2520 2492 2589 τινὰ
2516 2523 2567 2589 21

607 2627 773 2705 λέγω
833 2623 918 2709 δὴ
964 2623 987 2709 ΙΙ
1032 2630 1098 2690 δὲ
1142 2621 1265 2688 ΩΓ
1308 2661 1394 2672 -
1437 2624 1475 2709 ἢ
1535 2631 1671 2710 δηλ.
1720 2624 1745 2710 ΙΙ
1787 2621 1825 2709 ἦ
1886 2625 2122 2710 δηλαδὴ
2178 2623 2566 2709 ἀπιστήσεις,

607 2730 824 2791 omisso
871 2731 1042 2807 signo
1084 2732 1577 2808 interrogationis.
1622 2762 1705 2773 -
1752 2727 1877 2808 ἐγὼ
1921 2734 1986 2793 δὲ
2030 2725 2132 2795 ὅτι
2172 2734 2303 2793 καὶ
2334 2725 2567 2793 δακτύ-

604 2827 751 2895 λιόν
810 2855 958 2895 τινα
1011 2827 1185 2914 ἱερὸν
1230 2834 1358 2913 ἔχω
1403 2827 1813 2908 Ἀπόλλωνος
1867 2840 1988 2896 τοῦ
2030 2838 2288 2897 Πυθίου
2342 2827 2565 2895 εἰκόνα

605 2930 1115 3017 ἐκτυπούσης
1141 2943 1254 3014 τῆς
1287 2940 1640 3017 σφραγῖδος
1673 2932 1695 3018 ΙΙ
1728 2954 1854 2997 om.
1886 2940 2054 3014 καὶ,
2103 2929 2326 3016 ἱερόν
2356 2957 2563 2997 τινα.

608 3035 658 3099 21
688 3040 853 3098 cuius
880 3036 1136 3116 32‘92'llum
1163 3037 1359 3116 Pythii
1377 3037 1659 3118 Apollinis
1685 3041 1995 3117 2‘ma9inem
2020 3040 2330 3118 exprimat.
2378 3039 2564 3098 Recte

603 3140 769 3200 Reitz
807 3142 890 3198 ita
919 3144 984 3199 ut
1012 3142 1331 3200 mutatione
1360 3159 1479 3201 non
1522 3141 1787 3217 indigeat
1822 3142 1919 3201 hie
1953 3142 2121 3202 loeus
2158 3158 2352 3216 neque
2383 3140 2564 3204 ἐκτυ-

600 3249 855 3306 ποῦντα
878 3245 1195 3323 σφραγῖδα
1217 3242 1315 3301 Fr.
1339 3259 1534 3318 neque
1564 3244 1891 3307 ἐκτυποῦν
1918 3238 2033 3323 τὴν
2057 3245 2376 3323 σφραγῖδα
2394 3242 2563 3305 det.

598 3362 792 3422 neque
837 3344 977 3406 cod.
1012 3338 1203 3403 ΩΓΦ
1250 3344 1774 3409 ἐκτυποῦσαν
1818 3341 1937 3425 τὴν
1983 3348 2320 3425 σφραγῖδα.

599 3444 749 3511 κᾶν
790 3498 804 3512 .
856 3498 870 3512 .
921 3444 958 3510 ὁ
994 3449 1274 3527 δηχθεὶς·
1322 3442 1484 3527 δάκῃ
1517 3445 1540 3526 ΙΙ
1571 3452 1699 3510 καὶ
1731 3444 1823 3511 ἂν
1856 3446 2021 3508 det.
2081 3446 2299 3507 Similis
2330 3452 2423 3507 est
2450 3447 2560 3506 Ni·

598 3551 751 3627 grini
780 3551 947 3610 loeus
980 3569 1031 3610 e.
1070 3553 1168 3610 38.
1202 3548 1420 3626 [οἶσθα
1451 3546 1572 3631 γὰρ
1603 3544 1706 3613 ὅτι
1736 3554 1842 3612 καὶ
1874 3550 1937 3612 οἶ
1968 3543 2132 3630 πρὸς
2161 3555 2299 3632 τῶν
2328 3554 2558 3612 κυνῶν

594 3658 731 3715 τῶν
775 3648 1174 3717 λυττώντων
1221 3653 1556 3733 δηχθέντες
1602 3647 1726 3715 ου’κ
1773 3647 1959 3715 αὐτοὶ
2004 3644 2216 3726 μόνον
2247 3657 2555 3729 λυττῶσι,

595 3749 762 3816 ἀλλὰ
806 3760 915 3817 καὶ
951 3747 1033 3818 ἄν
1065 3778 1250 3831 τινας
1281 3755 1540 3835 ἑτέρους
1573 3753 1640 3817 ἐν
1672 3759 1749 3834 τῇ
1775 3759 1973 3836 μανίᾳ
2005 3748 2247 3817 δάκωσι
2277 3749 2356 3816 τὸ
2388 3750 2554 3816 αὐτὸ

594 3853 795 3918 τοῦτο
841 3861 947 3919 καὶ
1000 3854 1188 3921 αὐτοὶ
1236 3852 1550 3937 ἔκφρονες
1594 3850 1970 3940 γίγνονται.]
