2867 4525
447 278 564 333 122
1323 275 1697 330 ΛΟΥΚΙΑΝΟΥ

495 581 788 663 ΠΡΟΣ
831 580 1058 661 ΤΟΝ
1102 578 1834 662 ΑΠΑῘΔΕῩΤΟΝ
1876 580 2092 661 ΚΑΙ
2135 582 2539 665 ΠΟΛΛΑ

933 698 1333 783 ΒῙΒΑΙΑ
1376 696 2122 783 ῼΝΟΥΜΕΝΟΝ·

373 865 407 917 1
619 861 670 922 1.
720 855 858 919 Καὶ
901 852 1031 941 μὴν
1076 851 1375 920 ἐναντίον
1433 853 1614 921 ἐστὶν
1661 848 1739 920 οὗ
1795 853 2061 933 ἐθέλεις
2104 854 2141 921 ὃ
2189 858 2305 922 νῦν
2351 870 2609 935 ποιεῖς·

447 958 575 1023 σίῧέε.
615 956 735 1039 μὲν
777 953 904 1043 γὰρ
937 954 1007 1022 ἐν
1035 955 1320 1043 παιδείᾳ
1348 957 1461 1021 καὶ
1495 949 1695 1034 αὐτὸς
1726 952 1901 1024 εἶναί
1941 982 2047 1035 τις
2086 955 2308 1035 δόξειν
2342 960 2613 1049 σπουδῇ

447 1052 936 1142 σκ-κωνούμενος
991 1056 1076 1123 τὰ
1119 1056 1446 1124 κάλλιστα
1487 1060 1621 1125 τῶν
1671 1059 1982 1143 βιβλίων·
2041 1057 2118 1126 τὸ
2169 1059 2244 1125 δέ
2290 1082 2406 1127 σοι
2449 1063 2609 1148 περὶ

443 1163 523 1227 κά
571 1160 750 1227 κάτω
791 1173 995 1246 χωρεῖ
1033 1162 1145 1227 καὶ
1193 1159 1453 1245 ἔλεγχος
1494 1165 1748 1246 γίνεται
1792 1162 1913 1250 τῆς
1959 1154 2419 1241 ἀπαιδευσίας
2461 1188 2609 1242 πως

443 1267 666 1327 rLLLL‘FLLLL·
710 1255 1006 1345 μάλιστα
1053 1261 1125 1327 δὲ
1155 1257 1308 1327 οὐδὲ
1351 1260 1437 1327 τὰ
1470 1260 1794 1329 κάλλιστα
1838 1256 1993 1348 ὠνῇ,
2042 1257 2215 1329 ἀλλὰ
2261 1265 2613 1344 πιστεύεις

443 1383 583 1443 LLLL‘LL
631 1389 720 1443 ως
751 1364 970 1447 έτυχεν
1003 1362 1358 1432 επαινοῦσι
1399 1365 1513 1428 καὶ
1546 1362 1821 1448 ε’ρμαιον
1857 1361 1918 1431 εἶ
1961 1369 2094 1432 τῶν
2125 1368 2412 1434 τοιαῦτα
2460 1391 2613 1436 επι-

447 1467 874 1550 ψευδομένων
915 1479 1063 1544 τοῖς
1102 1467 1396 1551 βιβλίοις
1439 1467 1550 1532 καὶ
1592 1464 1943 1554 θησαυρὸς
1989 1466 2258 1552 ἕτοιμος
2300 1482 2451 1547 τοῖς
2492 1495 2616 1536 κα-

443 1571 684 1655 LLLJLLLLg
731 1561 970 1635 αῦταῖν.
1045 1556 1091 1655 ἢ
1136 1566 1362 1634 πόθεν
1388 1566 1515 1654 γάρ
1548 1590 1662 1635 σοι
1696 1568 2060 1655 διαγνωναι
2106 1568 2412 1651 δυνατόν,
2459 1576 2618 1638 τίνα

443 1675 563 1755 LLSJLL
611 1670 872 1738 παλαιὰ
917 1672 1027 1737 καὶ
1075 1671 1334 1737 πολλοῦ
1379 1664 1566 1751 αξια,
1624 1674 1779 1736 τίνα
1836 1669 1909 1737 δὲ
1955 1673 2186 1758 φαῦλα
2226 1676 2341 1740 καὶ
2390 1668 2619 1753 άλλως

447 1774 703 1859 σσςερά,
759 1772 820 1839 εἰ
861 1771 952 1860 μὴ
1006 1775 1105 1859 τῷ
1150 1772 1663 1857 διαβεβρωσθαι
1715 1774 1827 1838 καὶ
1878 1774 2397 1862 κατακεκόφθαι
2442 1769 2620 1843 αὗτὰ

443 1880 782 1959 τεκμαίρει
840 1876 953 1940 καὶ
1021 1874 1435 1958 συμβούλους
1498 1872 1656 1953 τοὺς
1722 1878 1880 1951 σέας
1946 1873 2063 1943 ἐπὶ
2128 1874 2250 1961 τὴν
2307 1876 2618 1955 εξέτασιν

447 1969 1026 2063 κτασσλαμβάνειςς
1092 1972 1244 2041 ἐπεὶ
1297 1979 1420 2042 τοῦ
1485 1970 1796 2063 ἀκριβοῦς
1850 1964 1894 2062 ἢ
1948 1979 2070 2043 τοῦ
2126 1971 2483 2105 ἀσφαλοῦς
2542 1978 2612 2047 ἐν
2634 1993 2726 2044 100

375 2087 411 2139 Ε
447 2075 675 2159 σικσῖς
701 2086 807 2158 τίς
834 2066 878 2166 ἢ
908 2081 1080 2143 ποία
1111 2076 1500 2163 διάγνωσις,
1544 2083 1602 2144 2.
1648 2078 1761 2145 ἵνα
1793 2077 1867 2143 δέ
1903 2101 2015 2145 σοι
2047 2079 2143 2145 δῶ
2175 2074 2347 2147 αὗτὰ
2394 2080 2616 2149 ἐκεῖνα

443 2186 823 2267 κεκρικέναι,
869 2172 998 2248 όσα
1043 2173 1078 2245 ὅ
1119 2179 1454 2257 Καλλῖνος
1500 2178 1593 2268 [ες
1636 2170 1988 2270 κάλλος]
1946 2207 1985 2270 η
2033 2176 2068 2248 ὅ
2120 2174 2438 2268 ἆοίδιμος
2459 2176 2617 2250 Ἀτ-

443 2311 623 2363 LLLLLLg
653 2282 773 2351 σὺν
804 2282 1158 2370 επιμελείᾳ
1180 2285 1263 2370 τῇ
1292 2282 1481 2371 πάσῃ
1510 2282 1846 2369 γράψαιεν
1878 2278 1979 2365 ἄν,
2014 2287 2126 2352 σοὶ
2151 2291 2223 2353 τί
2252 2281 2524 2374 οφελος,
2560 2312 2615 2352 ω

443 2387 819 2471 θαυμάσιε,
887 2387 1007 2451 τοῦ
1065 2382 1397 2471 κτήματος
1453 2379 1607 2451 οῦτε
1673 2384 1886 2453 εἰδότι
1949 2388 2027 2453 τὸ
2086 2387 2332 2465 κάλλος
2392 2383 2617 2456 αὐτῶν

447 2483 595 2555 LLTLL
635 2491 1020 2576 χρησομένῳ
1067 2487 1237 2553 ποτὲ
1283 2479 1475 2553 οῦδὲν
1519 2488 1774 2572 μᾶλλον
1806 2476 1848 2576 ἢ
1876 2487 2132 2576 τυφλὸς
2163 2484 2245 2555 ἄν
2289 2515 2395 2568 τις
2435 2484 2618 2557 ἆπο-

443 2591 707 2657 ἰσιὲσειε
761 2588 1041 2666 κάλλους
1101 2589 1475 2672 παιδικῶν;
1531 2586 1611 2654 σύ
1672 2589 1744 2656 δὲ
1806 2585 2248 2677 ἀνεῳγμένοις
2290 2594 2415 2678 μὲν
2472 2607 2621 2672 τοῖς

439 2691 833 2780 ἑστ-θσλμοῑς
862 2687 1024 2780 ὖρᾷς
1049 2689 1136 2757 τὰ
1163 2691 1417 2776 βιβλία,
1448 2692 1561 2757 καὶ
1593 2690 1668 2779 νὴ
1698 2697 1840 2759 Δία
1868 2694 2274 2780 κατακόρως,
2304 2697 2420 2762 καὶ
2455 2689 2619 2763 ἆνα-

439 2796 782 2880 γινώσκεις
825 2793 970 2861 ἔνια
1013 2791 1193 2860 πάνυ
1241 2791 1608 2878 ἐπιτρέχων
1640 2794 2030 2881 φθάνοντος
2072 2799 2192 2863 τοῦ
2237 2795 2621 2885 ὀφθαλμοῦ

439 2900 511 2960 ἐὖ
567 2895 814 2980 στόμα·
862 2888 1131 2961 οῦδέπω
1177 2895 1250 2961 δὲ
1292 2892 1491 2960 τοῦτό
1536 2919 1654 2978 μοι
1702 2895 1947 2978 ικανόν,
1998 2886 2079 2985 ἢν
2124 2899 2214 2988 μὴ
2263 2899 2451 2989 εἰδῇς
2494 2900 2620 2989 τὴν

443 2996 681 3084 σρεῑπήν
724 2999 834 3063 καὶ
881 3001 1115 3064 κακίαν
1160 2995 1441 3062 ἑκάστου
1483 3021 1621 3063 των
1652 2995 2193 3085 ἐγγεγραμμένων
2222 3005 2335 3069 καὶ
2384 3008 2619 3092 συνίῃς

443 3104 628 3176 ὅστις
672 3098 792 3182 μὲν
837 3093 873 3163 ό
921 3104 1074 3175 νοῦς
1117 3090 1445 3182 σύμπασι,
1490 3102 1597 3175 τίς
1641 3098 1714 3165 δὲ
1758 3095 1799 3188 ἦ
1844 3099 2034 3179 τάξις
2076 3105 2209 3170 τῶν
2254 3096 2614 3188 ὀνομάτων
2635 3119 2719 3170 101

443 3196 571 3268 LL'LLLL
615 3224 688 3266 τε
732 3196 906 3285 πρὸς
934 3197 1052 3265 τὸν
1083 3191 1297 3284 ὀρθὸν
1326 3198 1575 3266 κανόνα
1610 3203 1709 3287 τῷ
1742 3217 2108 3291 συγγραφεῖ
2138 3197 2620 3326 απηκρίβωται

375 3316 411 3368 3
447 3308 551 3372 ,καὶ
603 3295 731 3372 ,εἷ-ἶσα
773 3300 1054 3389 κίβδηλα
1095 3302 1206 3367 καὶ
1239 3300 1419 3368 νόθα
1447 3304 1559 3369 καὶ
1591 3309 2170 3389 παρακεκομμένα.
2246 3313 2306 3376 3.
2350 3313 2425 3375 τί
2466 3332 2621 3392 ουν,

443 3436 531 3496 LfL
543 3432 575 3484 ς
607 3407 717 3474 καὶ
746 3405 959 3471 ταῦτα
1000 3401 1089 3488 μὴ
1123 3401 1369 3487 μαθών
1413 3399 1572 3490 ἡμῖν
1604 3405 1889 3491 εἰδέναι,·
1932 3407 2176 3490 πόθεν,
2224 3407 2287 3475 εἰ
2314 3407 2409 3498 μή
2444 3434 2620 3477 ποτε

447 3536 627 3592 παρα
692 3533 828 3574 των
895 3507 1190 3574 Μουσων
1253 3505 1473 3572 κλωνα
1539 3505 1798 3597 δάφνης
1862 3508 2183 3596 καθάπερ
2250 3506 2286 3577 o‘
2354 3511 2617 3600 ποιμὴν

447 3612 689 3689 ἐκεῖνος
733 3606 957 3694 λαβών
970 3637 994 3691 ,·
1036 3603 1347 3674 Ἑλικῶνα
1390 3608 1515 3692 μὲν
1557 3608 1705 3695 γάρ,
1750 3610 1864 3677 ἵνα
1912 3611 2281 3697 διατρίβειν
2329 3613 2404 3680 αἱ
2447 3618 2614 3682 θεαὶ

447 3716 765 3832 ἓζὲῃ-τσκται,
798 3703 953 3777 οῦδὲ
983 3703 1269 3796 ἀκήκοας
1299 3704 1493 3792 οἶμαί
1523 3735 1696 3778 ποτε
1724 3705 1877 3779 οῦδὲ
1908 3711 2227 3789 τοιαύτας
2258 3713 2616 3801 διατριβὰς

443 3812 599 3900 ᾖσιν
645 3810 714 3879 ἐν
757 3814 999 3879 παισὶν
1045 3809 1311 3877 ἐποιοῦ·
1358 3813 1472 3879 σοὶ
1516 3815 1628 3879 καὶ
1672 3816 2066 3900 μεμνῆσθαι
2099 3817 2408 3882 Μουσων
2456 3811 2616 3884 ἆνό-

447 3940 611 3980 σωκ
689 3912 933 3979 εκεῖναι
972 3911 1098 3999 γὰρ
1144 3921 1422 3995 ποιμένι
1464 3913 1586 3996 μὲν
1633 3908 1750 3981 οῦκ
1788 3905 1919 4002 [αν]
1966 3938 2269 4006 ωκνησαν
2284 3920 2617 4041 ’φανῆναι

447 4020 563 4084 LLLLL
571 4017 707 4104 ηρῷ
738 4006 931 4100 ανδρὶ
961 4016 1070 4081 καὶ
1105 4013 1299 4081 δασεῖ
1325 4017 1434 4081 καὶ
1461 4014 1676 4083 πολὺν
1697 4015 1815 4084 τὸν
1843 4009 2036 4104 ηλιον
2067 4018 2184 4086 ἐπὶ
2214 4021 2315 4105 τῷ
2346 4019 2619 4106 σώματι
