2867 4525
501 285 577 342 v1

501 477 669 541 nego
712 477 962 524 summa
1005 477 1107 524 me
1152 457 1544 526 adsiduitate
1587 479 1665 525 ae
1709 458 2023 542 religione
2064 458 2215 524 huie
2250 460 2509 542 negotio
2539 479 2657 524 va·

501 613 701 677 casse,
742 591 858 660 sed
889 600 1106 662 tamen
1138 597 1251 680 ita,
1299 602 1369 662 ut
1397 594 1471 660 in
1500 594 1622 661 hae
1652 601 1838 662 tanta
1865 595 2210 663 lectionum
2242 593 2662 661 multitudine

501 750 781 796 errorum
828 750 929 797 me
973 751 1151 798 reum
1197 752 1340 800 esse
1381 731 1581 816 probe
1623 733 1843 798 seiam.

672 865 999 953 Optimum
1057 867 1138 935 de
1194 869 1490 935 omnibus
1533 869 1809 936 Lueiani
1864 868 2193 935 eodioibus
2244 875 2656 955 eonspeotum

501 1003 1082 1072 exhibuitPaulus
1125 1004 1329 1090 Vogt
1380 1008 1451 1072 in
1507 1006 1955 1073 dissertatione
2013 1006 2093 1072 de
2142 1006 2415 1072 Lueiani
2470 1006 2659 1073 libel-

497 1142 702 1207 lorum
760 1141 1030 1226 pristino
1081 1139 1305 1208 ordine
1348 1163 1412 1227 p.
1459 1145 1510 1209 Ι.
1560 1146 1751 1227 1890,
1810 1163 2000 1228 quam
2058 1142 2328 1228 primam
2373 1144 2656 1229 partiou-

497 1278 627 1343 lam
674 1278 957 1344 maxime
1001 1276 1343 1344 dolendum
1390 1285 1489 1346 est
1530 1300 1660 1345 non
1692 1298 1834 1346 esse
1862 1279 2194 1365 hueusque
2223 1284 2478 1346 seoutas
2510 1300 2660 1347 esse

498 1414 737 1499 plures.

673 1551 1041 1617 Communis
1094 1552 1374 1617 omnium
1419 1550 1564 1619 fons
1608 1552 1957 1618 etiamnum
2005 1551 2425 1619 desideratur.
2515 1554 2657 1619 Pri·

501 1708 674 1753 mum
720 1689 791 1753 in
834 1685 1165 1754 eodioibus
1209 1687 1421 1754 loeum
1466 1688 1785 1756 obtinent:

671 1821 828 1891 God.
874 1824 1021 1890 Vat.
1068 1827 1147 1890 87
1196 1854 1277 1877 =
1323 1826 1377 1889 Ξῖ
1421 1830 1485 1891 et
1530 1823 1686 1891 Ood.
1727 1824 1878 1891 Vat.
1925 1829 2007 1892 90
2052 1854 2137 1877 =
2178 1823 2329 1903 Γ**)

673 1957 827 2025 Cod.
873 1960 1070 2027 Maro.
1117 1965 1242 2028 434
1287 1990 1372 2014 ====
1414 1959 1486 2023 Ω
1530 1967 1595 2028 et
1638 1960 1794 2029 God.
1840 1967 1965 2030 436
1994 1991 2080 2015 =
2107 1961 2316 2041 Ψ***)

671 2095 1041 2181 Sequuntur
1085 2095 1602 2164 Vindobonensis
1660 2097 1966 2182 egregiae
2023 2103 2216 2164 notae
2260 2119 2650 2184 quamquam

499 2233 565 2299 in
624 2232 977 2299 minoribus
1033 2233 1216 2300 libris
1266 2232 1656 2320 quandoque
1713 2231 2014 2302 dormitat
2066 2240 2130 2302 et
2172 2235 2648 2304 Laurentianus

502 2375 579 2435 77
625 2367 723 2449 Φ,
784 2367 866 2435 de
924 2390 1050 2454 quo
1106 2371 1368 2436 narravi
1411 2371 1481 2436 in
1523 2370 1752 2437 Rhein.
1798 2372 1958 2438 Mus.
2013 2375 2166 2438 1881
2217 2393 2281 2457 p.
2331 2377 2646 2439 314—16.

666 2506 894 2591 Aeque
946 2506 1151 2573 bonus
1214 2513 1311 2573 est
1354 2508 1779 2587 «Mutinensis,
1839 2505 1955 2574 sed
2008 2514 2363 2594 temporum
2412 2509 2651 2575 iniuria

497 2648 628 2709 tam
686 2643 856 2709 male
912 2641 1202 2727 habitus,
1260 2648 1333 2710 ut
1375 2662 1573 2727 aegre
1614 2645 1889 2727 legatur.
1977 2644 2164 2711 Hune
2207 2651 2422 2712 autem
2465 2652 2650 2713 tanta

497 2783 637 2844 arte
680 2783 943 2863 tamque
986 2780 1306 2864 singulari
1349 2800 1507 2848 eura
1551 2779 1889 2866 desoripsit
1924 2780 2068 2847 Nils
2099 2781 2311 2865 Nilen‚
2357 2787 2428 2847 ut
2471 2782 2545 2863 is,
2592 2784 2649 2849 si

498 2914 857 2999 quisquam,
902 2914 1173 2985 idoneus
1216 2917 1603 2984 iudicandus
1646 2918 1748 3000 sit,
1795 2918 1908 3003 qui
1953 2917 2392 3002 quaestionem
2439 2916 2520 2984 de
2554 2918 2648 2984 fa-

496 3049 693 3115 miliis
736 3049 1046 3137 eodieum,
1092 3055 1149 3120 si
1194 3075 1363 3140 quae
1405 3060 1555 3121 sunt
1598 3060 1830 3137 certae,
1875 3052 2151 3120 feliciter
2196 3053 2509 3121 absolvat.

668 3187 1058 3256 Gorlioensis
1112 3191 1592 3274 elegantissime
1646 3191 1922 3275 scriptus
1977 3191 2089 3275 qui
2146 3191 2297 3256 olim
2357 3189 2651 3257 omnibus

496 3330 827 3409 praestare
884 3326 1059 3393 visus
1113 3333 1235 3409 est,
1295 3347 1466 3393 nune
1507 3328 1575 3392 in
1620 3326 1845 3412 paucis
1888 3326 2095 3393 bonus
2137 3327 2208 3392 in
2251 3347 2378 3393 non
2420 3326 2650 3411 pauois

496 3458 1018 3528 mendosissimus
1063 3467 1178 3528 est.

665 3598 925 3682 Reliqui
969 3615 1188 3663 omnes
1232 3596 1576 3664 virtutibus
1620 3603 1685 3663 et
1728 3597 1906 3664 vitiis
1935 3616 2147 3682 paene
2175 3617 2385 3682 pares,
2431 3604 2502 3664 ut
2531 3598 2652 3664 alii

497 3752 580 3799 ex
625 3732 774 3799 aliis
817 3733 1059 3819 passim
1088 3732 1372 3800 fontibus
1412 3733 1680 3801 fluxisse
1716 3732 2092 3819 videantur3
2138 3754 2347 3821 neque
2385 3754 2652 3820 sperare

630 3971 709 4037 **)
747 3968 829 4025 De
863 3968 989 4027 Vat.
1030 3971 1094 4025 87
1132 3970 1430 4040 separatim
1465 3969 1699 4041 exposui
1732 3970 1792 4026 in
1826 3969 2110 4042 Philologo
2153 3973 2300 4029 1892.
2342 3976 2388 4027 1.

599 4073 714 4138 ***)
750 4069 833 4126 De
866 4070 1042 4127 Mare.
1070 4072 1170 4127 436
1207 4072 1267 4128 in
1299 4071 1564 4142 Philolog.
1596 4076 1745 4129 1893.
1774 4078 1821 4128 1.
1865 4076 1979 4129 ¹23.
