2867 4525
929 289 1033 341 ΔΙΣ
1070 289 1699 344 ΚΑΤΗΓΟΡΟΥΜΕΝΟΣ.
2327 294 2402 349 11

157 468 232 517 811
249 453 414 537 μετὰ
469 461 627 542 βίας
678 461 797 525 καὶ
867 458 1043 545 πρὸς
1115 455 1318 547 αὑτὴν
1378 459 1822 546 άπαγαγοῦσα
1878 457 2279 547 ὑδροποτεῖν
2333 488 2407 527 τε

246 558 696 647 κατηνάγκασε
739 563 852 626 καὶ
911 560 1146 650 νήφειν
1202 562 1595 646 μετεδίδαξε
1646 565 1758 629 καὶ
1814 562 1971 641 τούς
2029 563 2406 650 στεφάνους

246 668 663 747 περιέσπασε
712 665 825 730 καὶ
882 662 1030 729 δέον
1083 669 1308 731 πίνειν
1356 669 1862 748 κατακείμενον,
1918 665 2212 754 ῥημάτια
2258 689 2401 734 σκο-

247 763 354 831 λιά
404 768 519 832 καὶ
581 764 869 853 δύστηνα
921 767 1034 831 καὶ
1088 768 1345 854 πολλῆς
1402 767 1762 855 φροντίδος
1819 761 2163 851 ἀνάμεστα
2209 767 2404 835 ἐπαί-

247 868 501 934 δευσεν·
580 866 752 935 ὥστε
810 861 961 935 άντὶ
1017 871 1138 935 τοῦ
1192 874 1362 947 τέως
1419 869 1885 947 ἐπανθοῦντος
1931 865 2112 955 αὐτῷ
2157 868 2399 957 ἐρυθή-

241 994 449 1053 ματος
494 963 710 1057 ὦχρὸς
755 964 789 1036 ὅ
840 964 1087 1048 ἅθλιος
1128 973 1238 1037 καὶ
1288 970 1511 1058 ῥικνὸς
1546 970 1622 1039 τὸ
1661 974 1856 1056 σῶμα
1884 976 2246 1061 γεγένηται,
2292 977 2400 1040 καὶ

240 1070 358 1150 τὰς
401 1066 590 1158 ᾠδὰς
634 1067 911 1150 ἁπάσας
957 1065 1350 1156 ἀπομαθὼν
1396 1069 1629 1151 ἄσιτος
1677 1073 1890 1142 ἐνίοτε
1931 1077 2042 1141 καὶ
2077 1075 2403 1160 διψαλέος

243 1172 306 1250 ἐς
346 1178 563 1263 μέσην
606 1172 899 1260 ἑσπέραν
941 1174 1242 1264 κάθηται
1271 1177 1489 1265 ληρῶν
1535 1172 1748 1243 ὁποῖα
1787 1175 2012 1243 πολλὰ
2055 1170 2402 1265 ἡἈκαδηή

239 1281 359 1357 μία
402 1274 530 1362 ἐγώ
583 1277 805 1363 ληρεῖν
851 1276 1169 1344 διδάσκω.
1247 1275 1324 1344 τὸ
1374 1278 1448 1344 δὲ
1492 1279 1822 1365 μέγιστον,
1870 1271 1979 1346 ὅτι
2020 1282 2131 1346 καὶ
2178 1279 2401 1346 λοιδο-

241 1391 451 1461 ρεῖται
495 1382 582 1468 τῇ
612 1383 828 1466 Μέθῃ
861 1378 1036 1465 πρὸς
1082 1378 1243 1463 ἐμοῦ
1275 1379 1611 1467 ἐπάρθεὶς
1643 1383 1755 1447 καὶ
1784 1387 1993 1466 μυρία
2021 1380 2189 1448 κακὰ
2225 1381 2401 1459 διεξ-

239 1485 494 1565 έρχεται
551 1484 710 1568 περὶ
765 1474 987 1568 αὐτῆς.
1100 1482 1362 1570 εἴρηται
1419 1480 1653 1565 σχεδὸν
1711 1480 1796 1548 τὰ
1842 1479 2015 1570 ὑπὲρ
2071 1486 2189 1570 τῆς
2245 1488 2399 1549 Μέ-

238 1586 385 1670 θης.
450 1577 581 1672 ἤδη
626 1586 738 1651 καὶ
782 1579 956 1670 ὑπὲρ
1002 1582 1286 1671 ἐμαυτῆς
1332 1584 1484 1669 ἐρῶ,
1528 1587 1641 1651 καὶ
1679 1582 1757 1650 τὸ
1807 1581 1945 1652 άπὸ
1977 1584 2216 1652 τούτου
2249 1583 2397 1667 ἐμοὶ

239 1684 558 1770 ῥευσάτω.

400 1789 593 1854 ΔΙΚ.
676 1794 762 1855 Τί
808 1783 938 1875 άρα
984 1788 1159 1873 πρὸς
1203 1791 1412 1855 ταῦτα
1460 1787 1630 1873 έρεῖ,·
1674 1786 1851 1877 πλὴν
1896 1782 2049 1855 ἀλλ’
2103 1790 2274 1876 ε’γχει
2316 1792 2392 1860 τὸ

237 1886 379 1956 ίσον
426 1915 495 1956 εν
542 1893 641 1957 τῶ
685 1895 891 1975 μέρει.

404 1999 504 2058 17.
552 1996 857 2061 ΑΚΑΔ.
955 1990 1222 2061 Οὖτωσὶ
1266 1993 1389 2077 μὲν
1435 1985 1720 2060 ἀκοῦσαι
1775 1992 1951 2060 πάνυ
2008 1990 2277 2081 εύλογα,
2338 1981 2479 2062 col?

239 2087 466 2179 άνδρες
513 2093 856 2171 δικασταί,
880 2127 887 2132 ·
913 2091 952 2185 ἦ
1003 2093 1354 2182 ξυνήγορος
1412 2094 1668 2183 ε’ίρηκεν
1725 2091 1897 2179 ὑπὲρ
1957 2099 2076 2184 τῆς
2118 2103 2391 2188 Μέθης,

239 2193 294 2259 εἰ
335 2194 406 2261 δὲ
458 2188 679 2281 κάμοῦ
733 2190 883 2282 μετ’
949 2191 1214 2276 εὐνοίας
1274 2191 1661 2279 ἀκούσαιτε,
1707 2197 1997 2266 ἐἴσεσθε
2052 2194 2144 2279 ὦς
2203 2195 2393 2269 οὐδὲν

240 2291 432 2382 αῦτὴν
499 2293 814 2388 ἠδίκηκα·
887 2298 1007 2367 τὸν
1072 2299 1200 2386 γὰρ
1265 2300 1644 2385 Πολέμωνα
1709 2306 1975 2384 τοῦτον,
2045 2296 2122 2369 όν
2186 2327 2393 2393 φησιν

198 2397 465 2490 ’ἑαυτῆς
529 2400 787 2488 οἰκέτην
846 2399 1054 2483 εἶναι,
1123 2401 1474 2491 πεφυκότα
1530 2397 1605 2469 οῦ
1674 2403 1948 2491 φαύλως
2008 2401 2160 2472 οῦδὲ
2226 2405 2392 2472 κατὰ

236 2499 344 2585 τὴν
401 2507 693 2591 Μέθην,
763 2498 916 2571 ἀλλ’
990 2504 1235 2572 οἰκεῖον
1301 2504 1453 2589 ἐμοὶ
1518 2509 1627 2573 καὶ
1689 2505 1809 2592 τὴν
1866 2507 2073 2594 φύσιν
2136 2500 2389 2592 ὅμοιον,

146 2609 220 2662 812
238 2606 740 2692 προαρπάσασα
783 2610 931 2673 νέον
978 2606 1078 2674 ἐ’τι
1120 2608 1231 2673 καὶ
1280 2603 1547 2674 ἁπαλὸν
1593 2603 1758 2675 ὄντα
1796 2608 2393 2699 ξυναγωνιζομένης

234 2710 345 2793 τῆς
365 2704 668 2799 εΗδονῆς,
712 2703 887 2798 ἥπερ
935 2701 1103 2831 αῦτῇ
1144 2708 1230 2775 τὰ
1273 2709 1498 2775 πολλὰ
1545 2724 2006 2797 συνυπουργεῖ,
2039 2711 2393 2798 διέφθειρε

233 2808 344 2875 τὸν
388 2806 639 2879 αθλιον
683 2825 826 2889 τοῖς
868 2810 1122 2896 κώμοις
1160 2813 1273 2878 καὶ
1301 2824 1454 2890 ταῖς
1484 2809 1783 2899 εταίραις
1812 2814 2255 2899 παρασχοῦσα
2289 2813 2392 2879 ε’κ-

237 2910 454 2996 δοτον,
519 2938 612 2992 ως
654 2914 823 3002 μηδὲ
866 2912 1104 2999 μικρὸν
1150 2908 1333 3000 αὐτῷ
1385 2917 1505 2999 τῆς
1562 2913 1793 2991 αἰδοῦς
1847 2909 2390 2982 ὑπολείπεσθαι·

233 3015 336 3080 καὶ
383 3007 427 3079 ά
471 3039 548 3101 γε
591 3012 762 3099 ὑπὲρ
808 3012 1045 3102 εαυτῆς
1090 3017 1414 3102 λέγεσθαι
1467 3014 1704 3099 μικρὸν
1764 3016 2156 3101 ε’μπροσθεν
2200 3012 2389 3105 ᾤετο,

236 3118 440 3182 ταῦτα
484 3113 658 3203 ὑπὲρ
705 3115 867 3201 εμοῦ
909 3119 1166 3202 μᾶλλον
1211 3117 1533 3207 εἰρῆσθαι
1561 3123 1910 3200 νομίσατε·
1956 3119 2223 3208 περιῄει
2265 3119 2391 3206 γὰρ

237 3212 268 3281 ὁ
312 3219 739 3303 κακοδαίμων
799 3219 1018 3286 ε’ωθεν
1076 3219 1626 3308 ἐστεφανωμένος
1675 3223 2070 3306 κραιπαλων
2117 3220 2231 3289 διὰ
2276 3227 2393 3311 τῆς

236 3313 478 3405 άγορᾶς
533 3321 772 3409 με’σης,
828 3322 1392 3407 καταυλούμενος,
1462 3315 1790 3389 οῦδέποτε
1845 3322 2106 3411 νήφων,
2166 3324 2392 3406 κωμά-

238 3419 356 3500 ζων
417 3422 537 3490 ἐπὶ
599 3417 892 3502 πάντας,
950 3416 1139 3509 ῦβρις
1194 3427 1326 3490 τῶν
1385 3423 1739 3510 προγόνων
1795 3429 1904 3492 καὶ
1963 3428 2083 3512 τῆς
2126 3426 2393 3505 πόλεως

239 3514 390 3610 ὅλης
432 3528 544 3593 καὶ
591 3527 801 3612 γέλως
843 3538 987 3604 τοῖς
1034 3525 1276 3604 ξένοις·
1325 3524 1478 3594 ἐπεὶ
1504 3529 1736 3609 μέντοι
1764 3551 1838 3612 γε
1868 3520 2034 3613 παρ’
2074 3524 2188 3609 ἐμὲ
2218 3520 2389 3615 ἧκεν,

239 3622 356 3709 ἐγὼ
417 3629 543 3712 μὲν
601 3629 860 3710 ἔτυχον,
920 3619 1153 3711 ὥσπερ
1212 3626 1437 3695 ε’ίωθα
1492 3642 1748 3709 ποιεῖν,
1812 3622 2391 3714 ἀναπεπταμένων

238 3730 363 3794 τῶν
404 3732 640 3814 θυρῶν
685 3727 862 3815 πρὸς
904 3729 1059 3807 τοὺς
1102 3729 1450 3817 παρόντας
1493 3733 1626 3796 τῶν
1684 3729 1967 3816 ἑταίρων
2013 3731 2248 3820 λόγους
2290 3760 2393 3801 τι-

239 3827 352 3906 νὰς
404 3834 566 3918 περὶ
626 3824 865 3918 ἀρετῆς
921 3834 1032 3897 καὶ
1091 3831 1531 3919 σωφροσύνης
1591 3831 1963 3910 διεξιοῦσα·
2020 3831 2055 3902 ὅ
2108 3835 2179 3903 δὲ
2221 3835 2390 3919 μετὰ

240 3932 350 3994 τοῦ
396 3924 601 3998 αύλοῦ
643 3934 757 4000 καὶ
800 3940 934 3999 τῶν
980 3932 1333 4022 στεφάνων
1379 3932 1665 4013 ἐπιστὰς
1693 3935 1775 4003 τὰ
1807 3938 1930 4020 μὲν
1960 3940 2200 4023 πρῶτα
2231 3937 2392 4024 ἐβόα

240 4033 365 4107 καὶ,
391 4031 640 4118 ξυγχεῖν
684 4030 871 4123 ἡμῶν
917 4034 1233 4121 ἐπειρᾶτο
1277 4034 1397 4123 τὴν
1457 4035 1808 4114 ξυνουσίαν
1853 4033 2266 4124 ἐπιταράξας
2306 4043 2392 4129 τῇ
