2867 4525
993 281 1144 335 ΠΕΡΙ
1177 282 1308 337 ΤΟΥ
1339 281 1559 336 umor.
2256 282 2376 340 145

197 458 462 541 προσέῃ
506 477 612 532 τις
656 453 890 539 λέγων,
947 445 1107 519 αὐτὸ
1165 450 1279 540 ἐφ’
1325 449 1570 520 ἑαυτοῦ
1618 451 1743 540 χρὴ
1789 450 1866 520 τὸ
1913 455 2195 540 πρᾶγμα
2241 450 2379 532 ἐξε-

198 555 450 638 τάζειν,
493 554 663 645 μήτε
704 550 971 644 ἡλικίαν
999 557 1119 622 τοῦ
1161 554 1467 640 λέγοντος
1495 549 1760 640 ὁρῶντα
1800 552 1967 642 μήτε
2011 553 2129 622 τὸν
2172 549 2378 622 ἄλλον

195 663 359 745 βίον
420 654 587 746 μήτε
644 657 765 743 τὴν
830 655 898 724 ἐν
950 670 1097 735 τοῖς
1163 656 1387 744 λόγοις
1446 649 1819 743 ἀγχίνοιαν·
1887 648 2029 744 ὅσῳ
2091 656 2219 743 γάρ
2270 669 2377 736 τις

199 759 719 842 πιθανώτερος,
774 757 1077 846 τοσούτῳ
1132 757 1652 845 ἐπιμελεστέρας
1709 758 1925 827 δεῖται
1974 760 2093 849 τῆς
2151 756 2377 837 ἐξετά-

202 886 402 941 σεως.
490 854 567 929 οὗ
615 860 722 929 δεῖ
771 867 997 929 τοίνυν
1051 859 1395 929 πιστεύειν
1452 854 1777 951 ἀλλοτρίᾳ
1818 866 2064 949 κρίσει,
2121 862 2377 945 μᾶλλον

205 965 282 1033 δὲ
348 969 539 1048 μίσει
592 965 713 1031 τοῦ
774 965 1333 1053 κατηγοροῦντος,
1398 956 1549 1031 ἀλλ’
1629 962 1847 1051 ἑαυτῷ
1886 962 2031 1056 ,τὴν
2077 963 2379 1044 ἐξέτασιν

206 1067 585 1156 φυλακτέον
627 1068 747 1153 τῆς
803 1059 1163 1156 ἀληθείας,
1223 1059 1572 1135 ἀποδόντα
1626 1068 1739 1134 καὶ
1793 1069 1892 1153 τῷ
1947 1065 2380 1153 διαβάλλοντι

203 1168 331 1237 τὸν
373 1168 643 1255 φθόνον
683 1170 796 1236 καὶ
839 1166 913 1236 ἐν
959 1172 1231 1257 φανερῷ
1274 1169 1734 1257 ποιησάμενον
1788 1168 1906 1237 τὸν
1956 1168 2218 1257 ἔλεγχον
2259 1172 2381 1256 τῆς

204 1269 524 1356 ἑκατέρου
583 1270 922 1353 διανοίας,
974 1273 1088 1338 καὶ
1142 1284 1366 1356 μισεῖν
1412 1269 1587 1339 οὕτω
1641 1274 1755 1340 καὶ
1792 1270 2066 1360 ἀγαπᾶν
2107 1271 2226 1339 τὸν
2272 1271 2381 1338 δε-

93 1396 187 1450 161
212 1374 725 1457 δοκιμασμένον.
798 1375 963 1457 πρὶν
1009 1371 1082 1439 δὲ
1108 1375 1307 1440 τοῦτο
1335 1375 1627 1458 ποιῆσαι
1656 1368 1727 1441 ἔκ
1765 1377 1888 1462 τῆς
1926 1374 2201 1462 πρώτης
2226 1373 2381 1442 δια-

201 1475 414 1562 βολῆς
455 1478 892 1563 κεκινημένον,
928 1470 1271 1560 Ἡράκλεις
1312 1470 1407 1553 ὥς
1441 1475 1877 1560 μειρακιῶδες
1916 1478 2029 1545 καὶ
2058 1474 2381 1545 ταπεινὸν

202 1580 322 1645 καὶ
353 1576 627 1645 πάντων
659 1571 776 1659 οὐχ
814 1598 1094 1703 quota„
1084 1571 1333 1645 ἄδικον.
1408 1581 1511 1645 32.
1554 1571 1725 1644 ἀλλὰ
1766 1576 2024 1645 τούτων
2044 1572 2374 1645 ἁπάντων
2409 1581 2487 1638 82

207 1679 468 1759 α’ίτ-ιον,
514 1702 686 1799 οπερ
734 1676 803 1745 ἐν
848 1671 1015 1767 ἀρχῇ
1059 1677 1344 1767 εφημεν,
1399 1674 1442 1768 ἡ
1491 1703 1728 1765 αγνοια
1769 1681 1881 1746 καὶ
1922 1678 2000 1747 τὸ
2050 1678 2119 1747 ἐν
2164 1678 2380 1769 σκότῳ

203 1806 347 1849 που
394 1777 570 1849 εἶναι
611 1778 731 1849 τὸν
792 1778 1069 1848 ἑκάστου
1114 1779 1402 1863 τρόπον·
1456 1776 1554 1859 ὥς
1609 1781 1677 1848 εἲ
1713 1806 1788 1867 γε
1831 1785 2014 1850 θεῶν
2055 1806 2160 1861 τις
2204 1775 2384 1849 ἀπο-

204 1883 574 1970 καλύψειεν
633 1877 818 1969 ἡμῶν
869 1880 1027 1961 τοὺς
1079 1887 1300 1967 βίους,
1360 1882 1614 1967 οἴχοιτο
1671 1873 1756 1951 ἀν
1804 1884 2145 1972 φεύγουσα
2190 1883 2259 1963 ἐς
2300 1882 2377 1952 τὸ

202 1986 567 2074 βάραθρον
622 1980 661 2073 ἡ
710 1984 989 2072 διαβολὴ
1042 1981 1265 2068 χώραν
1310 1979 1428 2053 οὐκ
1473 1984 1750 2070 ἔχουσα,
1810 1982 1901 2066 ὥς
1945 1977 2029 2055 ἀν
2072 2011 2382 2075 πεφωτι-

210 2093 476 2174 σμένων
522 2090 656 2154 τῶν
699 2087 1114 2173 πραγμάτων
1157 2082 1292 2154 ὑπὸ
1339 2090 1459 2175 τῆς
1504 2081 1853 2177 ἀληθείας.

104 2476 190 2527 162
823 2442 1096 2527 ΠΕΡΙ
1137 2444 1357 2527 TOY
1403 2445 1784 2534 OIKOY.

391 2606 444 2667 1.
496 2593 667 2665 Εἶτα
711 2592 1145 2684 Ἀλέξανδρος
1201 2600 1323 2683 μὲν
1379 2594 1810 2688 ἐπεθύμησεν
1868 2593 1938 2665 ἒν
1991 2601 2088 2685 τῷ
2147 2598 2384 2684 Κύδνῳ
2420 2610 2454 2664 1

212 2701 607 2771 λούσασθαι
663 2700 869 2769 καλόν
922 2726 998 2769 τε
1050 2701 1163 2768 καὶ
1223 2700 1460 2787 διαυγῆ
1511 2698 1630 2767 τὸν
1680 2699 1995 2785 ποταμὸν
2054 2698 2217 2766 ἰδών
2274 2701 2387 2765 καὶ

213 2798 547 2893 ἀσφαλῶς
595 2803 823 2888 βαθύν
873 2807 987 2872 καὶ
1042 2806 1397 2892 προσηνῶς
1451 2795 1607 2881 ὀξὺν
1663 2804 1773 2870 καὶ
1833 2801 2174 2888 νήξασθαι
2226 2799 2388 2890 ἡδὺν

213 2910 328 2975 καὶ
373 2911 626 2992 θέρους
667 2898 817 2994 ὥρᾳ
861 2904 1136 2993 ψυχρόν,
1182 2905 1358 2975 ὥστε
1390 2907 1500 2972 καὶ
1535 2902 1652 2972 ἐπὶ
1696 2903 2014 2992 προδήλῳ
2056 2911 2141 2994 τῇ
2186 2902 2386 2991 νόσῳ,

212 3007 295 3098 ἣν
356 3007 674 3095 ἐνόσησεν
731 3001 857 3075 ἀπ’
925 3003 1163 3085 αὐτοῦ,
1223 3008 1402 3077 δοκεῖ
1444 3033 1564 3093 μοι
1621 3000 1740 3076 οὐκ
1797 2997 1877 3075 ἀν
1929 3009 2050 3074 τοῦ
2106 3007 2390 3091 λουτροῦ

216 3107 674 3193 ἀποσχέσθαι,
721 3105 903 3178 οἶκον
945 3111 1020 3176 δέ
1046 3134 1153 3189 τις
1198 3109 1361 3179 ἰδὼν
1398 3114 1678 3198 μεγέθει
1719 3114 2034 3198 μέγιστον
2077 3111 2191 3178 καὶ
2235 3108 2383 3177 κάλ·

218 3215 323 3280 λει
366 3211 729 3280 κάλλιστον
769 3214 884 3280 καὶ
931 3214 1111 3300 φωτὶ
1141 3212 1602 3300 φαιδρότατον
1643 3218 1757 3283 καὶ
1797 3216 2023 3300 χρυσῷ
2067 3211 2390 3282 στιλπνό-

217 3339 426 3381 τατον
467 3315 580 3381 καὶ
624 3326 919 3400 γραφαῖς
963 3308 1429 3402 ἀνθηρότατον
1476 3310 1594 3384 οὖκ
1649 3307 1733 3383 ὃν
1783 3309 2233 3403 ἐπιθυμήσειε
2275 3314 2392 3381 λό-

216 3440 376 3501 γους
423 3413 493 3483 ἐν
525 3409 710 3504 αύτῷ
740 3416 1142 3499 διαθέσθαι,
1190 3416 1252 3485 εἰ
1279 3416 1467 3501 τύχοι
1501 3421 1661 3505 περὶ
1713 3417 1999 3494 τούτους
2028 3417 2394 3502 διατρίβων

217 3521 329 3586 καὶ
361 3512 873 3607 ἐνευδοκιμῆσαι
900 3521 1013 3586 καὶ
1044 3517 1659 3608 ἐλλαμπρύνασθαι
1700 3522 1812 3587 καὶ
1841 3522 2007 3605 βοῆς
2050 3517 2393 3605 ἐμπλῆσαι

218 3622 333 3688 καὶ
390 3617 484 3699 ὥς
526 3619 628 3688 &lu
681 3619 979 3704 μάλιστα
1033 3624 1146 3689 καὶ
1200 3615 1402 3700 αύτὸς
1443 3625 1646 3707 μέρος
1698 3625 1818 3688 τοῦ
1861 3619 2143 3698 κάλλους
2187 3611 2393 3686 αύτοῦ

218 3729 581 3809 γενέσθαι,
657 3714 828 3789 ἀλλὰ
903 3723 1411 3812 περισκοπήσας
1487 3718 1776 3809 ἀκριβῶς
1846 3725 1958 3790 καὶ
2024 3721 2392 3806 θαυμάσας
2478 3776 2481 3779 Α

220 3825 432 3910 μόνον
488 3819 729 3893 ἔπεισι
781 3823 1013 3914 κωφὸν
1072 3819 1273 3894 αὐτὸν
1328 3829 1440 3894 καὶ
1498 3821 1741 3911 ἄλογον
1793 3822 2185 3892 καταλιπών
2226 3824 2394 3910 μήτε

221 3925 627 4014 προσειπών
698 3924 865 4014 μήτε
937 3927 1444 4016 προσομιλήσας
1517 3919 1752 4012 ὥσπερ
1821 3951 1928 4007 τις
1993 3923 2281 4006 ἄναυδος
2350 3916 2395 4012 ἢ

225 4029 477 4118 φθόνῳ
526 4031 797 4096 σιωπᾶν
837 4027 1136 4116 ἐγνωκώς
1147 4061 1172 4114 ,·
1227 4037 1285 4098 2.
1325 4027 1696 4116 Ἡράκλεις,
1756 4025 1846 4108 ὥς
1901 4025 1977 4098 οὗ
2016 4031 2391 4118 ’φιλοκάλου
2426 4045 2464 4100 2

339 4139 515 4184 Lucia
541 4139 625 4182 111.
2024 4136 2089 4185 ιο
