2867 4525
936 318 1191 373 LUGIANI
1226 318 1309 372 DE
1345 318 1690 374 PARASITO.
2268 319 2392 378 209

424 504 644 572 χεῖρας
685 488 707 574 Ι
747 514 864 568 τας
901 515 964 571 χ.
1017 496 1125 557 καὶ
1178 488 1334 569 τοὺς
1387 488 1596 570 πόδας
1632 490 1713 553 Ψ
1758 527 1839 540 -
1883 500 2157 576 Σκερίας
2198 490 2219 577 Ι
2260 509 2392 573 σχε-

436 596 573 670 δίας
614 590 676 656 A

216 714 276 757 ο.
310 699 410 757 12.
442 690 566 776 ἔχει
597 690 615 775 Ι
644 690 780 775 ἔχοι
812 690 890 756 Ψ
932 728 1020 740 -
1062 693 1181 775 οὔχ
1221 690 1242 777 Ι
1283 714 1398 757 om.
1431 692 1512 755 Ψ
1558 728 1633 740 -
1679 694 1883 778 ἡδέως
1913 702 1968 778 ζ.
2009 691 2031 780 Ι
2070 694 2164 779 ἥδ.
2200 697 2292 761 m?
2340 705 2388 777 ζ.

396 792 641 862 ,ΑΨΩ
686 832 771 844 -
813 797 938 862 εἴτε
979 795 999 880 Ι
1040 788 1186 880 ἤτοι
1230 793 1311 863 τὰ
1355 792 1438 858 Ψ
1478 789 1621 879 ἤτοι
1666 797 1829 880 παρ’
1859 800 2101 865 ἑαυτοῦ
2128 797 2196 861 Ω
2232 833 2312 845 *-
2344 809 2396 861 e?

431 904 551 978 μὲν
596 894 721 966 οὖν
763 897 784 983 Ι
828 892 921 977 ὥς
961 903 1079 977 μὲν
1125 893 1249 965 οὖν
1295 894 1374 961 Ψ
1408 935 1479 947 -
1529 896 1654 981 ἔχει
1758 901 1890 982 ἔχοι
1924 896 2001 963 Ψ
2028 936 2113 948 -
2144 897 2260 981 οἰχ
2310 901 2392 977 ὃς

434 1006 598 1082 λέγει
640 999 660 1084 Ι
703 998 809 1080 ὡς
851 996 994 1066 ΑΨ
1034 1035 1120 1049 -
1164 998 1291 1083 ἔχει
1331 1000 1353 1086 Ι
1395 1002 1527 1083 ἔχοι
1571 998 1651 1064 Ψ
1707 1038 1787 1049 -
1846 1000 2062 1070 πολλά
2115 1029 2216 1069 τοι
2268 1005 2284 1085 ΙΙ
2328 1031 2392 1069 π-

437 1096 651 1169 άτοπα
706 1101 787 1164 Ψ
847 1139 931 1150 -
986 1100 1239 1182 ἁπάσας
1295 1103 1315 1186 Ι
1370 1099 1586 1183 πάσας
1627 1102 1708 1165 Ψ
1765 1138 1841 1151 -
1910 1104 2332 1189 dvaxhfflnsv
2380 1105 2396 1185 ΙΙ

450 1222 556 1255 ava

437 1268 872 1357 ἀποπληροῦν
919 1271 998 1333 Ψ
1041 1307 1129 1319 -
1170 1277 1429 1358 παρέχει
1469 1270 1492 1359 Ι
1533 1271 1804 1357 ὑπάρχει
1846 1273 1926 1336 Ψ
1969 1309 2054 1324 -
2106 1281 2392 1357 ἐφίκῡιῃι

437 1377 772 1455 ἐφικνοῖτο
811 1377 870 1439 A
913 1407 995 1421 —-
1037 1372 1165 1459 μὴν
1207 1372 1228 1459 Ι
1265 1380 1387 1454 μὲν
1432 1373 1489 1437 Α
1529 1410 1616 1423 -
1672 1374 2112 1444 ἀναλίσκοντα
2152 1381 2172 1465 Ι
2220 1381 2396 1441 ἁλίσ-

441 1478 872 1543 κονταΑ-
928 1475 1194 1561 εἰμὴ.
1260 1523 1275 1538 .
1329 1476 2268 1560 .μαχ.Ιοω.Ψ(Ιιαὶ)θὲΩ]
2320 1517 2396 1525 --

437 1578 840 1664 ὑστεροῦντα
867 1578 887 1662 Ι
914 1577 1206 1663 ὑστερεῖν
1240 1581 1298 1645 A
1341 1613 1424 1625 —
1468 1577 1559 1645 τὰ
1602 1577 1766 1645 κατὰ
1810 1606 1863 1645 τ.
1913 1577 2102 1663 οἰκ..Ι
2144 1605 2272 1645 ῡῑιῑι.
2320 1585 2396 1645 nh:

440 1685 499 1747 A
521 1718 604 1729 —
620 1680 996 1765 χαλεπήναι
1015 1678 1435 1767 Ιχαλεπαίνει
1456 1684 1520 1746 in
1540 1701 1677 1757 rae„
1694 1680 2025 1767 χαλεπήνῃ
2044 1681 2119 1746 Ψ
2140 1721 2224 1733 -->
2248 1681 2396 1749 οὔτε

443 1790 566 1851 οἰκ.
604 1784 623 1867 Ι
670 1781 746 1864 ὃς
788 1786 900 1866 ys?
944 1790 1064 1853 οἰκ.
1107 1782 1188 1845 Ψ
1217 1820 1304 1833 —-
1331 1782 1768 1862 ἀπολομένων
1794 1783 1816 1868 Ι
1842 1783 2396 1867 άπολογουμὲιεῡῃτ

443 1888 501 1952 A
546 1920 625 1932 —
673 1883 797 1967 ἔχει
837 1883 861 1972 Ι
901 1890 1036 1967 ἔχοι
1079 1885 1158 1947 Ψ
1200 1920 1287 1933 --
1330 1882 1532 1966 φάγοι
1574 1892 1756 1952 πίνοι
1784 1882 1805 1970 Ι
1831 1883 2004 1970 φάνη
2049 1895 2200 1969 πίνη
2232 1897 2284 1953 A
2320 1929 2400 1933 ›—

442 1990 733 2067 ἐκείνους
772 1985 793 2072 Ι
835 1989 1081 2068 ἐκεῖνος
1123 1989 1181 2053 A
1225 2020 1310 2035 —-
1355 1989 1530 2054 ἐστὶν
1556 1986 1578 2071 Ι
1608 2008 1725 2054 om.
1772 1987 1849 2049 Ψ

215 2130 275 2172 ο.
310 2114 410 2171 13.
444 2112 685 2186 ἱκανῶς
729 2106 750 2191 Ι
790 2127 907 2171 om.
952 2107 1031 2169 Ψ
1076 2108 1236 2187 (hab.
1276 2103 1370 2189 Ω)
1414 2142 1499 2153 -
1543 2104 1906 2191 προσάγειν
1946 2107 1968 2192 Ι
2008 2109 2316 2192 προάγει-ν
2348 2117 2400 2173 A

442 2244 518 2256 —
566 2216 816 2278 κλαίων
857 2210 878 2295 Ι
920 2208 1145 2277 κλάων
1174 2208 1254 2272 Ψ
1299 2246 1382 2257 -
1427 2216 1889 2278 διδασκαλείων
1994 2213 2400 2278 διδασκάλω-ν

439 2311 578 2378 ΑΨ
620 2348 705 2360 -
754 2310 836 2380 τὰ
893 2317 1136 2380 διδασκ.
1181 2310 1202 2398 Ι
1244 2333 1360 2376 om.
1418 2310 1499 2380 τὰ
1543 2315 1601 2379 A
1642 2348 1730 2360 —
1770 2311 1851 2398 νὴ
1895 2306 2007 2381 Δί’
2048 2313 2068 2398 Ι
2110 2367 2124 2381 .
2176 2321 2292 2381 Δία
2328 2317 2404 2377 Ψ

443 2420 604 2480 δῶτε
652 2415 673 2499 Ι
729 2412 874 2481 δότε
915 2416 973 2480 A
1017 2450 1101 2461 —
1145 2411 1324 2482 οὕτω
1368 2413 1389 2500 Ι
1432 2415 1616 2481 αὕτῶ
1665 2412 1817 2477 ΩΨ
1861 2414 2099 2496 (οὕτως
2140 2413 2232 2493 Ω]

221 2539 279 2580 ο.
313 2523 411 2580 14.
444 2524 578 2583 καὶ
621 2543 674 2586 τ.
723 2542 911 2601 καρπ.
946 2518 1108 2600 {om-
1138 2523 1247 2582 καὶ
1274 2518 1332 2582 A
1360 2553 1447 2564 —
1476 2518 1539 2595 ἐς
1585 2509 1785 2595 αὐτὰς
1826 2515 1847 2597 Ι
1889 2524 1977 2597 εἰς
2021 2518 2224 2602 αὐτὴν
2256 2518 2368 2582 [Γ]
2392 2522 2404 2534 ’“

441 2629 549 2707 τῷ
589 2630 782 2700 μανθ.
829 2616 851 2704 Ι
890 2618 976 2685 τὸ
1012 2645 1073 2698 μ.
1109 2620 1167 2684 A
1197 2656 1281 2665 —
1309 2625 1442 2684 καὶ
1485 2623 1708 2697 μέντοι
1736 2616 1756 2703 Ι
1786 2623 1859 2684 αὶ
1902 2645 1963 2698 μ.
2000 2623 2056 2684 A
2085 2657 2168 2670 —-
2200 2634 2396 2698 3·=:';›1-2*÷-

442 2748 548 2788 ται
589 2721 610 2808 Ι
651 2730 892 2804 γίνεται
934 2719 1073 2788 ΔΨ
1117 2757 1202 2767 -
1247 2725 1445 2804 ἔργον
1487 2718 1509 2807 Ι
1551 2718 1678 2804 ἕργ.
1726 2724 1868 2808 μὲν
1912 2724 1968 2785 Α
2019 2712 2028 2717 ’

224 2845 276 2892 ο.
320 2832 420 2888 15.
450 2829 576 2906 λὲγ.
623 2823 812 2890 τότε
854 2822 875 2909 Ι
918 2845 1027 2890 om.
1077 2822 1226 2889 τότε
1273 2821 1349 2884 Ψ

225 2948 281 2991 ο.
311 2933 409 2990 16.
441 2931 507 2994 οὶ
551 2935 907 3006 νοσοῦντες
947 2924 968 3011 Ι
1012 2927 1149 2989 add.
1197 2924 1400 3008 αὐτὴν
1449 2930 1514 2991 δὲ
1557 2923 1676 3008 τὴν
1719 2928 1946 3008 τέχνην
1979 2923 2058 2985 Ψ
2091 2961 2168 2970 -
2204 2937 2400 2990 mdv-

446 3036 672 3108 σιτίαις
713 3025 736 3114 Ι
776 3036 1210 3107 πολυποσίαις
1256 3028 1333 3090 Ψ
1383 3063 1467 3074 -
1525 3032 1592 3093 δὲ
1634 3025 1655 3111 Ι
1698 3047 1812 3092 om.
1860 3026 1939 3088 Ψ
1983 3064 2063 3073 -
2112 3038 2284 3094 πολι
2292 3054 2400 3094 πις-

448 3139 613 3210 σίαις
655 3130 674 3216 Ι
718 3138 1124 3210 πολυσιτίαις
1154 3131 1231 3193 Ψ
1273 3168 1359 3179 —
1403 3129 1528 3197 οὐκ
1573 3134 1750 3196 ἔστιν
1792 3127 1813 3214 Ι
1855 3151 1963 3197 om.
2000 3130 2079 3192 Ψ
2119 3134 2276 3214 (hab.
2312 3130 2400 3194 ΩΙ

443 3269 527 3282 --
557 3231 1078 3318 ευφραινόμενον
1118 3232 1478 3313 μανθάνειν
1502 3231 2063 3318 Ιευφραινομένου
2093 3259 2248 3312 um
2228 3246 2284 3298 ἑὲ,
2328 3234 2400 3294 ¹1·

227 3376 282 3418 o·
318 3362 417 3418 17.
449 3354 674 3434 ου’δαμ.
725 3382 776 3421 τ.
827 3379 993 3421 κεκτ.
1040 3354 1384 3438 ὑπηρετεῖν
1420 3351 1441 3437 Ι
1478 3381 1531 3421 τ.
1579 3378 1749 3419 κεκτ.
1798 3353 2021 3430 οὕδαμ.
2069 3378 2176 3418 wc
2220 3354 2288 3410 Τ
2324 3394 2396 3398 -

446 3462 652 3524 ἵππου
730 3462 949 3523 ἳππων
978 3455 1060 3517 Ψ
1089 3491 1170 3504 -
1203 3454 1367 3540 αὕτη
1393 3454 1413 3540 Ι
1445 3455 1608 3538 αὐτὴ
1636 3452 1706 3518 Ω
1742 3492 1817 3502 -
1852 3452 2066 3521 ὅπλον
2110 3451 2132 3538 Ι
2176 3454 2400 3518 ὅπλων

443 3559 524 3622 Ψ
559 3569 840 3645 χρῆσθαι
883 3559 902 3644 Ι
939 3567 1223 3643 χρᾶσθαι
1268 3561 1326 3625 A

229 3685 285 3726 c.
318 3669 417 3726 19.
447 3661 613 3729 κατὰ
657 3672 730 3729 Σ.
778 3661 799 3747 Ι
839 3687 898 3728 κ.
943 3660 1081 3728 τὸν
1125 3671 1201 3728 Σ.
1246 3659 1326 3722 Ψ
1369 3696 1454 3707 -
1500 3667 1626 3726 τινὶ
1668 3657 1689 3744 Ι
1729 3679 1842 3721 om.
1888 3657 1970 3719 Ψ

228 3785 284 3827 ο.
313 3769 412 3831 20.
450 3760 514 3830 δί
565 3762 586 3848 Ι
631 3770 695 3830 δὲ
739 3763 818 3825 Ψ
862 3798 945 3812 -
984 3772 1264 3848 χρῆσθαι
1308 3763 1327 3847 Ι
1367 3760 1537 3845 μόνη
1575 3769 1853 3844 χρῆσθαι
1899 3759 1977 3820 Ψ
2021 3795 2104 3806 -
2148 3762 2344 3842 τετῶν-,ῃ
2388 3767 2392 3782 ’

448 3865 614 3949 αυτῇ
657 3871 713 3932 Α
758 3903 842 3914 -
883 3872 1016 3932 καὶ
1061 3870 1327 3932 πλέοντι
1371 3863 1390 3949 Ι
1432 3886 1547 3928 om.
1593 3870 1700 3928 καὶ
1743 3861 1879 3928 ΑΨ

228 3974 417 4032 ο..21
450 3973 501 4036 δ.
554 3967 815 4053 σοιΙδ.
860 3967 1096 4048 μοιΨ

229 4093 287 4134 ο.
315 4076 421 4135 22.
446 4077 557 4136 καὶ
599 4068 726 4154 μὴν
772 4081 907 4138 τῶν
953 4070 1052 4138 α’λ.
1087 4068 1196 4154 Ικ.
1238 4096 1299 4147 μ.
1350 4076 1478 4134 καὶ
1529 4095 1584 4133 τ.
1633 4067 1731 4134 άλ.
1762 4066 2098 4150 Ψ-τῆς
2144 4074 2204 4130 δὲ
2248 4094 2334 4126 m:

334 4177 620 4222 Lucinam.
2035 4171 2097 4220 14
