2867 4525
1038 330 1191 383 ΠΕΡΙ
1225 330 1354 382 ΤΟΥ
1388 329 1750 382 ΗΛΕΚΤΡΟΥ.
2363 329 2481 385 117

321 521 466 579 σαν,
513 484 567 562 ὦ
614 492 963 583 ἄνθρωπε,
1012 494 1088 565 ού
1135 499 1361 586 παύσῃ
1407 497 1693 585 τήμερον
1737 497 2325 583 καταψευδόμενος
2368 502 2486 587 τῆς

314 598 538 684 χώρας
582 594 769 684 ἡμῶν
812 604 924 669 καὶ
969 605 1089 670 τοῦ
1128 605 1477 685 ποταμούς
1517 597 1710 689 ἡμεῖς
1740 600 1812 666 δὲ
1860 593 1966 666 ἇεὶ
2011 601 2328 677 πλέοντες
2370 604 2482 668 καὶ

322 701 390 767 ἐκ
444 700 714 768 παίδων
772 700 1006 785 σχεδὸν
1067 702 1493 790 ἐργαζόμενοι
1558 702 1626 770 ἐν
1661 706 1779 789 -τιῖ
1829 695 2165 788 Ἠριδανῷ
2221 694 2485 788 όλίγους

313 804 438 887 μὲν
488 804 760 880 κύκνους
817 806 1027 872 ἐνίοτε
1084 802 1344 892 δρῶμεν
1404 805 1473 872 ἒν
1528 820 1672 884 τοῖς
1732 805 1911 872 ἕλεσι
1975 807 2095 871 τοῦ
2152 807 2482 888 ποταμοῦ,

312 906 429 972 καὶ
472 904 835 990 κρώζουσιν
881 900 1066 974 οὗτοι
1109 908 1287 975 πάνυ
1335 904 1631 992 ἄμουσον
1676 910 1786 974 καὶ
1834 900 2147 987 άσθενές,
2195 902 2286 984 ὥς
2328 904 2485 984 τοὺς

311 1005 602 1093 κόρακας
669 997 709 1094 ἢ
772 1006 928 1086 τοὺς
989 1009 1295 1089 κολοιοὺς
1357 1014 1679 1097 Σειρῆνας
1745 1004 1919 1076 εἶναι
1984 1006 2157 1095 πρὸς
2226 1001 2483 1089 αύτούς,

318 1104 619 1198 ᾀδόντων
665 1110 737 1176 δὲ
795 1114 905 1177 καὶ
951 1106 1073 1198 ἧδὺ
1119 1115 1230 1180 καὶ
1277 1112 1419 1180 οἷον
1474 1111 1554 1180 σύ
1602 1110 1735 1200 φὴς
1794 1105 1947 1178 οὑδὲ
1992 1106 2154 1196 ὄναρ
2202 1103 2485 1197 άκηκόα-

316 1230 472 1295 μεν·
542 1204 714 1278 ὥστε
771 1213 1207 1297 θαυμάζομεν
1264 1215 1491 1282 πόθεν
1549 1217 1762 1281 ταῦτα
1821 1213 1915 1291 εἷς
1974 1208 2147 1297 ὑμᾶς
2206 1207 2485 1300 ἄφίκετο

316 1316 478 1398 περὶ
523 1310 730 1404 ἡμῶν.

235 1431 298 1482 90
494 1421 554 1483 6.
611 1414 849 1483 Πολλὰ
911 1421 1193 1484 τοιαῦτα
1258 1417 1773 1507 ἐξαπατηθῆναι
1836 1417 1980 1485 ἔστι
2043 1416 2484 1492 πιστεύοντας
2518 1428 2556 1482 6

317 1531 464 1595 τοῖς
509 1517 683 1604 πρὸς
725 1516 802 1586 τὸ
835 1518 1060 1602 μεῖζον
1094 1518 1338 1586 ἕκαστα
1376 1519 1856 1609 ἐξηγουμένοις.
1933 1511 2106 1585 ὥστε
2149 1511 2327 1603 κᾶγώ
2374 1520 2486 1583 νῦν

318 1620 511 1687 δέδια
553 1616 726 1707 ὑπὲρ
772 1619 1062 1705 ἐμαυτοῦ
1103 1620 1192 1709 μὴ
1240 1618 1429 1705 ὑμεῖς
1484 1616 1637 1706 ἄρτι
1684 1615 2073 1707 ἀφιγμένοι,
2129 1621 2242 1684 καὶ
2286 1620 2483 1683 τοῦτο

318 1726 591 1809 πρῶτον
649 1717 1142 1809 ἀκροασάμενοι
1203 1719 1424 1813 ἡμῶν,
1492 1718 1774 1809 ἢλεκτρά
1841 1747 1993 1789 τινα
2048 1722 2161 1787 καὶ
2216 1718 2486 1796 κύκνους

320 1823 717 1901 ἐλπίσαντες
748 1822 1048 1913 εὑρήσειν
1078 1825 1249 1912 παρ’
1298 1820 1475 1914 ἡμῖν,
1524 1824 1760 1891 ἔπειτα
1803 1818 1949 1908 μετ’
2003 1817 2228 1909 ὀλίγον
2274 1817 2485 1887 ἀπέλ-

318 1932 493 2014 θητε
535 1928 1026 2013 καταγελῶντες
1061 1931 1195 1994 τῶν
1225 1923 1708 2010 ὑποσχομένων
1740 1922 1894 2011 ὑμῖν
1937 1928 2218 1993 τοιαῦτα
2262 1920 2483 1990 πολλὰ

319 2027 629 2118 κειμήλια
674 2029 921 2098 ἐνεῖναι
962 2042 1108 2107 τοῖς
1155 2029 1402 2115 λόγοις.
1479 2023 1651 2094 ἀλλὰ
1695 2028 2139 2114 μαρτύρομαι,
2186 2022 2277 2104 ὥς
2324 2026 2488 2110 ἐμοῦ

320 2135 602 2199 τοιαῦτα
644 2133 1260 2218 μεγαλαυχουμένου
1306 2135 1465 2218 περὶ
1509 2134 1642 2197 τῶν
1681 2130 1860 2215 ἐμῶν
1907 2125 2060 2196 οὔτε
2102 2124 2292 2212 ὑμεῖς
2338 2122 2489 2192 οὔτε

324 2227 524 2312 ἄλλος
567 2259 680 2301 πω
738 2228 1045 2325 ἀκήκοεν,
1109 2230 1257 2303 οὐδ’
1312 2223 1391 2302 ἂν
1451 2227 1758 2301 ἀκούσειέ
1813 2256 2001 2299 ποτε.
2092 2226 2323 2308 ἄλλοις
2366 2228 2486 2314 μὲν

321 2334 447 2420 γὰρ
492 2329 608 2402 οὐκ
665 2332 919 2424 ὀλίγοις
982 2336 1273 2421 ἐντύχοις
1319 2327 1400 2405 ἂν
1437 2333 1819 2423 Ἠριδανοῖς
1880 2357 2019 2402 τισι
2064 2335 2176 2400 καὶ
2223 2331 2325 2412 οἷς
2371 2325 2487 2399 οὐκ

320 2433 651 2526 ἤλεκτρον,
699 2432 871 2505 ἀλλὰ
913 2438 1157 2527 χρυσὸς
1201 2434 1402 2517 αὐτὸς
1450 2433 1820 2520 ἀποστάζει
1852 2442 1986 2505 τῶν
2034 2437 2264 2522 λόγων,
2310 2432 2486 2501 πολὺ

321 2542 456 2606 τῶν
486 2539 735 2607 κύκνων
763 2544 899 2607 ταῖν
943 2545 1313 2629 ποιητικῶν
1351 2542 1819 2630 λιγυρώτερος·
1866 2539 1939 2607 τὸ
1978 2540 2049 2607 δὲ
2082 2538 2242 2623 ἐμὸν
2286 2534 2487 2625 ὁρᾶτε

321 2635 447 2729 ἤδη
479 2637 721 2710 ὅποῖον
755 2639 1081 2711 ἁπλοϊκὸν
1110 2644 1218 2710 καὶ
1254 2638 1540 2726 ἄμυθον,
1587 2638 1741 2709 οὐδέ
1783 2668 1887 2720 τις
1925 2635 2063 2729 ᾠδὴ
2099 2640 2484 2729 πρόσεστιν.

322 2736 496 2811 ὥστε
526 2743 653 2826 ὅρα
695 2743 786 2833 μὴ
818 2745 1084 2813 τοιοῦτό
1131 2772 1200 2813 τι
1229 2745 1469 2832 πάθῃς
1498 2743 1702 2829 μείζω
1745 2747 1904 2832 περὶ
1949 2739 2135 2829 ἡμῶν
2180 2741 2482 2822 ἐλπίσας,

325 2839 471 2913 οἷόν
512 2872 582 2913 τι
639 2846 1013 2930 πάσχουσιν
1060 2848 1125 2913 οἱ
1170 2845 1253 2912 τὰ
1303 2845 1371 2912 ἐν
1414 2849 1513 2932 τῷ
1560 2838 1757 2913 ὕδατι
1812 2842 2127 2932 δρῶντες·
2188 2843 2486 2928 οἰόμενοι

243 2965 305 3016 91
325 2947 452 3035 γὰρ
496 2949 858 3036 τηλικαῦτα
904 2945 1077 3016 εἶναι
1124 2947 1290 3014 αὐτὰ
1337 2947 1450 3015 οἶα
1496 2949 1878 3037 διεφαίνετο
1926 2944 2154 3025 αὐτοῖς
2198 2942 2482 3027 ἄνωθεν,

323 3042 755 3136 εὖρυνομένης
798 3054 916 3138 τῆς
962 3053 1152 3128 σκιᾶς
1195 3049 1369 3137 πρὸς
1410 3050 1530 3140 τὴν
1577 3044 1798 3139 αὑγήν,
1852 3049 2127 3118 ἐπειδὰν
2174 3044 2485 3147 ἀνασπά-

324 3174 523 3234 σωσι,
581 3153 815 3237 πολλῷ
864 3152 1223 3241 μικρότερα
1283 3150 1695 3240 εὑρίσκοντες
1754 3147 2094 3221 ἀνιῶνται.
2184 3149 2308 3241 ἤδη
2369 3149 2484 3218 οὖν

324 3276 435 3320 σοι
507 3255 815 3340 προλέγω
884 3252 1107 3338 ἐκχέας
1177 3254 1254 3323 τὸ
1332 3249 1509 3343 ῧδωρ
1583 3259 1692 3324 καὶ
1769 3250 2217 3343 ἀποκαλύψας
2282 3247 2481 3338 τᾶμά,

317 3355 527 3444 μηδὲν
570 3360 740 3442 μέγα
783 3357 1248 3446 προσδοκήσῃς
1294 3352 1789 3444 ἀνιμήσασθαι,
1836 3348 1878 3446 ἢ
1923 3356 2166 3424 σαυτὸν
2213 3354 2483 3440 αἰτιάσῃ

305 3460 443 3545 ,τῆς
488 3457 783 3536 ἐλπίδος.
