2867 4525
430 262 514 319 24
1302 260 1712 324 [ΔΟΥΚΙΑΝΟΥ]

600 437 820 501 HAP.
878 425 1237 516 Οὐδαμῶς·
1292 430 1728 518 αἰσχυνοίμην
1770 426 1896 516 γὰρ
1930 421 2030 509 ἶίν,
2078 425 2140 493 εἰ
2178 426 2269 516 μὴ
2314 428 2597 514 λέγοιμι.

608 542 816 603 ΤΥΧ.
863 537 1001 603 Καὶ
1058 533 1133 622 νὴ
1180 527 1300 601 Δί’
1354 529 1615 600 ὁπόταν
1668 554 1745 598 σε
1785 529 2197 616 βουλώμεθα
2250 528 2597 616 γνωρίζειν

433 640 563 705 τῶν
611 630 728 704 οὐκ
772 636 1237 721 ἐπισταμένων
1281 660 1410 721 τῳ,
1470 634 1583 702 ὅτε
1619 632 1847 723 χρῄζει
1890 637 2161 717 μαθεῖν,
2208 628 2243 698 o‘
2292 629 2598 717 παράσι-

432 763 547 815 τος
592 739 792 826 δῆλον
837 731 944 808 ὅτι
989 738 1326 828 φήσομενς

603 845 825 908 ΠΛΡ.
882 838 1074 908 Πολὺ
1128 841 1383 925 μᾶλλον
1439 840 1739 925 λέγοντες
1791 839 1992 903 τοῦτο
2051 834 2166 920 ἐμὲ
2218 825 2261 923 ἢ
2311 835 2601 902 Φειδίαν

437 936 1016 1029 ἂγαλματοποιόν·
1068 947 1284 1030 χαίρω
1327 939 1455 1030 γὰρ
1497 943 1581 1032 τῇ
1624 945 1814 1027 τέχνῃ
1863 932 2053 1005 οἰδὲν
2095 931 2295 1026 ἦττον
2339 926 2381 1027 ἢ
2433 944 2601 1006 Φει-

435 1043 587 1121 δίας
632 1044 852 1129 ἔχαιρε
893 1048 989 1131 τῷ
1034 1050 1178 1113 Διί.
2611 1055 2704 1106 839

611 1154 819 1215 ΤΥΧ.
875 1149 1012 1214 Καὶ
1056 1145 1188 1233 μὴν
1234 1145 1442 1214 ἐκεῖνό
1501 1170 1621 1231 μοι
1665 1148 2030 1213 σκοποῦντι
2072 1149 2445 1230 προῶπται
2487 1145 2599 1227 γέ-

434 1248 568 1325 λως
610 1248 999 1333 πάμπολυς.

603 1353 825 1419 ΠΛΡ.
879 1349 973 1418 To*
1023 1363 1263 1434 ποῖον,·

613 1458 821 1520 TYX.
869 1453 963 1520 Εἴ
999 1476 1074 1538 γε
1115 1454 1228 1520 καὶ
1265 1466 1416 1531 ταῖς
1448 1451 1842 1530 ἐπιστολαῖς
1872 1446 2139 1518 ἄνωθεν
2169 1446 2401 1535 ὥσπερ
2433 1447 2601 1527 ἔθος

435 1552 928 1641 ἐπιγράψομεν,
975 1559 1231 1639 Σίμωνι
1277 1559 1663 1641 παρασίτῳ.

603 1659 826 1724 ΠΛΡ.
892 1659 1030 1725 Καὶ
1087 1655 1216 1746 μὴν
1271 1646 1352 1722 ἂν
1406 1654 1558 1740 ἐμοὶ
1612 1657 1869 1740 μᾶλλον
1917 1654 2219 1739 χαρίζοιο
2275 1643 2319 1741 ἢ
2375 1659 2601 1720 Δίωνι

437 1756 835 1847 ἐπιγράφων
881 1757 1268 1848 φιλοσόφῳ.

364 1870 405 1925 3
612 1865 673 1928 3.
726 1867 934 1928 ΤΥΧ.
972 1854 1185 1927 Ἀλλὰ
1231 1859 1312 1928 σὺ
1342 1861 1464 1945 μὲν
1494 1852 1686 1939 ὅπως
1720 1866 1978 1945 χαίρεις
2005 1858 2435 1943 καλούμενος,
2483 1852 2598 1925 οὖ-

439 1962 549 2029 δὲν
572 1955 615 2046 ἢ
636 1961 875 2046 μικρόν
895 1987 1016 2046 μοι
1037 1963 1226 2047 μέλει
1248 1981 1265 1996 ·
1298 1961 1539 2029 σκόπει
1563 1962 1636 2029 δὲ
1661 1959 1739 2049 δὴ
1763 1963 1877 2028 καὶ
1897 1959 2017 2048 τὴν
2047 1956 2253 2050 ἄλλην
2280 1955 2598 2029 ἆτοπίαν.

607 2066 827 2130 ΠΛΡ.
905 2069 1073 2130 Τίνα
1115 2063 1279 2149 μήν,·

617 2171 822 2233 ΤΥΧ.
872 2165 955 2232 Εἰ
1006 2165 1117 2232 καὶ
1171 2159 1418 2254 ταύτην
1457 2178 1609 2244 ταῖς
1663 2160 1899 2244 ἄλλαις
1941 2169 2202 2249 τέχναις
2246 2163 2599 2251 ἐγκαταλέ-

442 2267 671 2352 ξομεν,
718 2267 891 2336 ὥστε
936 2267 1213 2337 ἐπειδὰν
1256 2267 1695 2357 πυνθάνηταί
1737 2292 1867 2351 τις,
1925 2264 2140 2336 ὁποία
2194 2293 2299 2347 τις
2346 2260 2510 2357 αὕτη
2554 2264 2594 2357 ἡ

436 2375 627 2459 τέχνη
675 2368 837 2452 ἐστί,
884 2372 1115 2455 λέγειν,
1160 2369 1303 2437 οἶον
1345 2370 1787 2457 γραμματική,
1832 2369 2114 2460 ἰατρική,
2161 2369 2593 2457 παρασιτική.

607 2476 829 2539 ΠΛΡ.
881 2464 1037 2558 Ἐγὼ
1092 2475 1245 2556 μέν,
1306 2457 1360 2540 ὦ
1419 2473 1744 2562 Τυχιάδη,
1805 2471 1980 2540 πολὺ
2037 2474 2294 2557 μᾶλλον
2348 2472 2597 2561 ταύτην

436 2568 480 2660 ἤ
524 2599 676 2640 τινα
722 2572 955 2659 ἑτέραν
997 2578 1228 2661 τέχνην
1259 2580 1470 2664 φαίην
1516 2570 1617 2642 ἄν.
1695 2575 1756 2642 εἰ
1802 2575 1876 2641 δέ
1921 2597 2033 2642 σοι
2076 2577 2279 2664 φίλον
2310 2573 2593 2656 ἀκούειν,

432 2677 550 2742 καὶ
593 2668 785 2755 ὅπως
829 2676 1064 2760 οἴομαι
1108 2677 1368 2764 λέγοιμι
1412 2665 1519 2743 ἄν’
1568 2682 1811 2763 καίπερ
1871 2671 1947 2743 οὗ
1993 2678 2437 2745 παντάπασιν
2482 2672 2705 2758 ὦν,840

434 2773 532 2856 ὥς
576 2776 803 2867 ἔφθην
848 2777 1080 2865 εἰπών,
1128 2777 1246 2846 ἐπὶ
1290 2781 1489 2845 τοῦτο
1535 2785 2177 2865 παρεσκευασμένος.

616 2888 824 2950 ΤΥΧ.
881 2878 1110 2962 Οὐδέν,
1155 2879 1216 2947 εἰ
1244 2881 1355 2947 καὶ
1392 2877 1637 2965 σμικροὶ
1668 2882 1904 2968 λέγοις,
1952 2876 2176 2972 ἀληθῆ
2206 2882 2298 2964 δέ,
2332 2881 2595 2950 διοίσει.

609 2985 831 3051 ΠΛΡ.
861 2978 1004 3053 Ἴθι
1049 2981 1128 3073 δὴ
1162 2984 1455 3067 πρῶτον,
1503 2982 1570 3049 εἴ
1596 3005 1706 3050 σοι
1750 2984 1947 3067 δοκεῖ,
1994 2986 2151 3071 περὶ
2196 2987 2315 3073 τῆς
2345 2988 2594 3072 τέχνης,

436 3078 587 3172 ἥτις
643 3087 812 3151 ποτὲ
870 3070 1039 3153 ούσα
1094 3083 1401 3170 τυγχάνει
1453 3086 1551 3169 τῷ
1592 3089 1799 3170 γένει,
1861 3090 2248 3171 σκοπῶμεν·
2349 3082 2597 3152 ούτωσὶ

437 3185 563 3272 γὰρ
612 3184 1284 3274 ἐπακολουθήσαιμεν
1343 3173 1423 3252 ἂν
1484 3188 1596 3253 καὶ
1653 3201 1804 3265 ταῖς
1862 3181 2014 3255 κατ’
2079 3185 2257 3265 εἶδος
2315 3192 2597 3270 τέχναις,

441 3288 636 3375 εἴπερ
683 3283 816 3375 ἄρα
860 3281 1094 3373 ὀρθῶς
1136 3291 1473 3371 μετέχοιεν
1519 3281 1743 3375 αύτῆς.

616 3397 826 3458 ΤΥΧ.
880 3395 965 3457 Τί
993 3382 1154 3455 ποτ’
1207 3373 1323 3455 ούν
1367 3387 1547 3457 ἐστιν
1579 3385 1663 3477 [ἡ]
1694 3395 1882 3477 τέχνη
1917 3391 2093 3476 λέγε·
2139 3384 2415 3469 πάντως
2445 3389 2597 3458 ἐπί·

441 3515 709 3560 στασαι.

610 3596 832 3660 ΠΛΡ.
876 3590 1071 3659 Πάνυ
1115 3591 1235 3677 μὲν
1282 3576 1414 3659 οὖν.

619 3702 825 3762 ΤΥΧ.
886 3693 1009 3784 Μὴ
1068 3700 1291 3761 τοίνυν
1336 3687 1516 3761 ὄκνει
1561 3695 1771 3780 λέγειν
1829 3689 2061 3783 αύτήν,
2121 3695 2315 3778 ε’ίπερ
2361 3692 2595 3763 οἶσθα.

371 3807 410 3862 4
616 3805 673 3863 4.
721 3800 938 3863 ΠΛΡ.
991 3800 1195 3884 Τέχνη
1255 3794 1465 3878 ἐστίν,
1516 3792 1607 3874 ὥς
1651 3795 1776 3883 ἐγώ
1826 3794 2329 3883 διαμνημονεύω
2377 3800 2597 3887 σοφοῦ
2613 3818 2693 3869 841

438 3922 622 3977 τινος
668 3891 956 3977 ἀκούσας
967 3950 986 3980 ,
1045 3897 1351 3985 σύστημα
1407 3896 1478 3964 ἐκ
1532 3897 1972 3986 καταλήψεων
2026 3905 2596 3985 συγγεγυμνασμέ-

444 4025 573 4067 νων
617 3998 794 4087 πρός
836 4025 904 4068 τι
947 4000 1138 4076 τέλος
1184 3993 1538 4087 εὔχρηστον
1581 4005 1712 4065 τῶν
1757 3997 1826 4065 ἐν
1869 4001 1967 4084 τῷ
2007 4004 2157 4085 βίῳ.
