2867 4525
851 318 957 370 ΔῙΣ
993 318 1627 374 ΚΑΤΗΓΟΡΟΥΜΕΝΟΣ.
2280 317 2317 374 3

191 481 370 572 αὐτῷ,
415 481 556 552 ἀλλ’
610 483 1082 575 ἀστεφάνωτοι
1126 488 1247 572 μὲν
1290 485 1451 575 ἡμῖν
1492 490 1557 555 οἱ
1604 491 1755 558 ναοὶ
1800 489 2088 569 ἔσονται,
2137 483 2319 553 ἀκνί-

186 585 486 656 σ’ωτοι.δὲ
531 590 602 656 αἱ
648 582 897 676 ἀγυιαί,
946 585 1280 658 ἄσπονδοι
1322 592 1394 657 δὲ
1424 589 1516 678 [οἱ
1544 594 1884 680 κρατῆρες,
1930 592 2174 676 ψυχροὶ
2225 588 2318 675 δὲ]

185 691 244 756 οἱ
294 695 528 774 βωμοί,
581 693 695 760 καὶ
746 683 922 769 ὅλως
979 688 1206 759 ἄθυτα
1258 696 1370 760 καὶ
1426 687 1872 782 ἀκαλλιέρητα
1927 693 2153 759 πάντα
2205 694 2320 759 καὶ

181 789 356 876 λιμὸς
407 792 638 872 πολύς.
739 798 1095 881 τοιγαροῦν
1164 788 1395 880 ὥσπερ
1465 796 1532 862 οἱ
1596 798 1992 884 κυβερνῆται
2058 791 2319 884 ὑψηλὸς

179 893 360 978 μόνος
402 893 518 965 ἐπὶ
561 898 680 983 τῆς
725 895 1030 983 πρύμνης
1077 896 1316 986 ἕστηκα
1361 896 1438 964 τὸ
1489 897 1825 986 πηδάλιον
1870 897 2036 980 ἔχων
2068 895 2136 963 ἐν
2166 910 2317 964 ταῖν

173 1009 401 1081 χεροῖν,
453 999 567 1064 καὶ
625 998 693 1064 οἱ
749 998 870 1082 μὲν
931 994 1173 1086 [ἄλλοι]
1239 999 1564 1085 ἐπιβάται
1614 999 1983 1083 μεθύοντες
2029 998 2088 1066 εἰ
2130 998 2319 1080 τύχοι

179 1096 702 1183 ἐγκαθεύδουσιν,
768 1098 892 1186 ἐγώ
942 1100 1015 1167 δὲ
1061 1097 1398 1188 ἄγρυπνος
1441 1105 1553 1168 καὶ
1603 1098 1835 1181 ἄσιτος
1879 1097 2050 1185 ῦπὲρ
2097 1097 2318 1168 ἆπάνσ-

175 1225 292 1265 των
348 1202 729 1289 μερμηρίζω
796 1200 967 1269 κατὰ
1033 1203 1246 1291 φρένα
1303 1208 1416 1271 καὶ
1472 1203 1644 1270 κατὰ
1698 1204 1925 1288 θυμὸν
1977 1204 2164 1290 μόνῳ
2216 1207 2317 1290 τῷ
2367 1249 2372 1256 ·

177 1301 489 1391 δεσπότης
544 1301 719 1373 εἶναι
779 1305 997 1372 δοκεῖν
1053 1311 1510 1395 τετιμημένος.
1612 1311 1672 1373 3.
1730 1304 1904 1373 ὥστε
1960 1302 2174 1392 ἡδέως
2232 1294 2313 1372 ἀν
2346 1311 2387 1368 3

92 1402 424 1493 796ἒροίμην
473 1406 635 1484 τούς
691 1406 1145 1496 φιλοσόφους,
1204 1412 1271 1475 οἳ
1319 1409 1582 1492 μόνους
1619 1407 1775 1487 τοῦς
1831 1407 2040 1488 θεοὺς
2092 1402 2315 1475 εὔδαι-

170 1507 552 1592 μονίζουσιν,
599 1504 814 1576 ὁπότε
857 1513 970 1576 καὶ
1017 1510 1362 1593 σχολάζειν
1407 1508 1587 1598 ἡμᾶς
1628 1515 1726 1597 τῷ
1771 1517 2036 1595 νέκταρι
2078 1515 2191 1578 καὶ
2229 1515 2316 1599 τῇ

172 1603 487 1700 ἀμβροσίᾳ
532 1611 881 1695 νομίζουσι
930 1618 1138 1697 μυρία
1195 1606 1327 1680 ὅσα
1384 1613 1654 1697 ἔχοντας
1707 1614 2107 1699 πράγματα·
2168 1612 2314 1678 ἰδού

168 1717 232 1796 γέ
266 1739 369 1780 τοι
408 1708 530 1780 ὑπ’
589 1707 907 1797 ἀσχολίας
950 1714 1285 1793 τοσαύτας
1343 1713 1594 1793 ἑώλους
1651 1715 1838 1791 δίκας
1871 1713 2314 1801 φυλάττομεν

171 1808 601 1900 ἀποκειμένας
646 1810 762 1881 ὑπ’
817 1810 1102 1902 εὐρῶτος
1157 1813 1282 1904 ἤδη
1338 1820 1450 1883 καὶ
1505 1809 1838 1903 ἀραχνίων
1893 1816 2316 1903 διεφθαρμέ-

169 1942 288 1998 νας,
329 1921 438 1985 καὶ
483 1916 788 2001 μάλιστα
834 1912 1093 1985 ὁπόσαι
1139 1916 1263 1997 τὰς
1307 1917 1688 2006 ἐπιστήμας
1728 1920 1842 1984 καὶ
1883 1923 2114 2001 τέχνας
2142 1915 2316 2002 πρὸς

171 2011 567 2105 ἀνθρώπους
623 2019 814 2098 τινὰς
873 2020 1308 2108 ξυνέστησαν,
1367 2021 1547 2088 πάνυ
1606 2019 1911 2099 παλαιὰς
1964 2019 2145 2099 ἐνίας
2201 2015 2314 2087 αὖ·

167 2123 303 2192 τῶν.
407 2123 475 2189 οἱ
523 2121 617 2188 δὲ
682 2123 1076 2208 κεκράγασιν
1146 2118 1626 2206 ἁπανταχόθεν
1689 2127 1802 2191 καὶ
1870 2117 2314 2209 ἀγανακτοῦσι

167 2225 264 2290 καὶ
303 2222 418 2310 τὴν
465 2225 657 2313 δίκην
704 2222 1117 2310 ἐπιβοῶνται
1171 2219 1342 2308 κάμὲ
1392 2229 1512 2313 τῆς
1568 2226 1984 2313 βραδυτῆτος
2041 2224 2310 2293 αἰτιῶν-

165 2350 292 2408 ται,
346 2320 744 2412 ἀγνοοῦντες
803 2324 896 2407 ὥς
949 2322 1065 2394 οῦκ
1118 2321 1443 2417 ὀλιγωρίᾳ
1498 2328 1623 2406 τὰς
1671 2333 1924 2412 κρίσεις
1979 2325 2311 2416 ὑπερημέ-

165 2452 304 2511 ρους
375 2429 612 2520 ξυνέβη
680 2435 1032 2517 γενέσθαι,
1111 2423 1259 2495 ἀλλ’
1329 2426 1464 2496 ὕπὸ
1539 2435 1659 2520 τῆς
1734 2423 2191 2512 εὐδαιμονίας,
2266 2423 2313 2518 ᾗ

92 2558 97 2565 ·
164 2528 435 2605 ξυνεῖναι
491 2529 674 2621 ἡμᾶς
732 2528 1316 2615 ὑπολαμβάνουσι·
1383 2536 1582 2599 τοῦτο
1636 2531 1760 2617 γὰρ
1813 2529 1934 2621 τὴν
1992 2532 2312 2614 ἀσχολίαν

161 2635 442 2701 καλοῦσι.

319 2744 377 2805 4.
425 2738 769 2804 ΕΡΙΠΗΣ.
846 2739 985 2803 Καὶ
1030 2730 1250 2819 αὐτός,
1298 2721 1355 2801 ὦ
1398 2738 1551 2815 Ζεῦ,
1597 2732 1820 2801 πολλὰ
1864 2738 2145 2801 τοιαῦτα
2190 2734 2305 2801 ἐπὶ
2342 2743 2381 2796 4

157 2838 266 2921 τῆς
304 2842 422 2925 γῆς
468 2834 764 2918 ἀκούσας
809 2838 1373 2925 δυσχεραινόντων
1418 2839 1632 2923 λέγειν
1664 2833 1838 2922 πρὸς
1867 2835 1943 2902 σὲ
1977 2829 2094 2903 οῦκ
2122 2834 2311 2903 ἐτόλ-

156 2965 310 3021 μων.
391 2941 551 3009 ἐπεὶ
598 2941 670 3008 δὲ
712 2941 798 3007 ’σύ
846 2943 1006 3026 περὶ
1048 2940 1305 3008 τούτων
1347 2938 1507 3017 τοὺς
1551 2938 1787 3026 λόγους
1830 2938 2156 3037 ἐνέβαλες,
2200 2941 2315 3005 καὶ

159 3038 229 3130 δὴ
274 3044 460 3129 λέγω.
552 3042 806 3120 πάντες
850 3039 1297 3129 ἀγανακτοῦσι
1339 3045 1450 3109 καὶ
1497 3040 2028 3124 σχετλιάζουσιν,
2076 3037 2130 3105 ὦ
2176 3040 2312 3108 πά-

156 3169 279 3226 τερ,
320 3148 437 3213 καὶ
485 3143 557 3223 ἐς
600 3144 677 3212 τὸ
726 3143 1019 3232 φανερὸν
1062 3144 1185 3228 μὲν
1229 3137 1307 3211 οὗ
1365 3145 1668 3227 τολμῶσι
1726 3144 1971 3230 λέγειν,
2026 3138 2313 3211 ὗποτον-

156 3241 520 3332 θορύζουσι
578 3247 651 3314 δὲ
709 3247 1187 3335 συγκεκυφότες
1246 3245 1640 3330 αἰτιώμενοι
1694 3243 1812 3311 τὸν
1864 3244 2129 3329 χρόνον,
2183 3244 2315 3323 ,οὓς

153 3346 281 3416 ἔδει
327 3349 557 3416 πάλαι
598 3348 684 3416 τα
730 3343 892 3416 καθ’
947 3345 1191 3427 αὖτοὺς
1237 3347 1506 3424 εἰδότας
1536 3352 1830 3432 στέργειν
1863 3346 2139 3414 ἕκαστον
2167 3361 2314 3425 τοῖς

155 3448 673 3536 δεδικασμένοις.

62 3563 137 3616 797
315 3557 574 3620 ΖΕΥΣ.
672 3559 758 3619 Τί
802 3538 949 3633 οῦν,
1003 3577 1057 3617 ω
1097 3549 1312 3639 Ἑρμῆ,
1361 3552 1572 3634 δοκεῖς
1628 3555 2040 3638 προτιθέναι
2085 3544 2312 3630 αὐτοῖς

155 3646 405 3743 ἀγορὰν
457 3655 679 3736 δικων,
726 3681 768 3743 η
815 3656 1045 3732 θέλεις
1090 3651 1157 3731 ἐς
1201 3657 1416 3721 νέωτα
1460 3654 2046 3738 παραγγειλωμενς

319 3762 536 3824 ΕΡΜ.
627 3751 723 3824 Οῦ
769 3757 892 3841 μὲν
936 3742 1070 3837 οῦν,
1118 3749 1291 3822 ἀλλὰ
1341 3750 1460 3842 η’δη
1506 3756 1900 3841 προθωμεν.

316 3863 576 3925 ΖΕΥΣ.
676 3858 872 3926 Ουτω
917 3865 1133 3926 nolet·
1192 3856 1273 3925 σὺ
1317 3858 1441 3942 μὲν
1483 3856 1759 3979 κήρυττε
1801 3858 2315 3942 καταπτάμενος

154 3950 257 4027 ότι
309 3956 525 4048 ἀγορὰ
585 3962 785 4029 δικων
843 3961 1032 4028 έσται
1088 3987 1255 4027 κατα
1315 3957 1504 4039 τάδε,
1563 3956 1826 4036 πάντας
1885 3954 2138 4026 ὁπόσοι
2190 3984 2314 4037 τας

150 4063 421 4151 γραφὰς
476 4057 992 4152 ἀπενηνόχασιν,
1049 4061 1229 4148 ἥκειν
1285 4061 1573 4149 τήμερον
1631 4060 1728 4139 εἰς
1754 4054 2023 4147 Αρειον
2072 4062 2310 4148 πάγον,

1936 4163 2007 4215 1*
