<?xml version="1.0" encoding="UTF-8"?>
<!DOCTYPE html PUBLIC "-//W3C//DTD XHTML 1.0 Transitional//EN"
    "http://www.w3.org/TR/xhtml1/DTD/xhtml1-transitional.dtd">
<html xmlns="http://www.w3.org/1999/xhtml" xml:lang="en" lang="en">
 <head>
  <title>
</title>
<meta http-equiv="Content-Type" content="text/html;charset=utf-8" />
  <meta name='ocr-system' content='tesseract 3.04.00' />
  <meta name='ocr-capabilities' content='ocr_page ocr_carea ocr_par ocr_line ocrx_word'/>
</head>
<body>
  <div class='ocr_page' id='page_1' title='image "./lucianus02sommgoog_0056.png"; bbox 0 0 2867 4525; ppageno 0'>
   <div class='ocr_carea' id='block_1_1' title="bbox 388 271 1690 336">
    <p class='ocr_par' dir='ltr' id='par_1_1' title="bbox 388 271 1690 336">
     <span class='ocr_line' id='line_1_1' title="bbox 388 271 1690 336; baseline -0.009 -2"><span class='ocrx_word' id='word_1_1' title='bbox 388 276 470 334; x_wconf 87' lang='lat'><strong><em>38</em></strong></span> <span class='ocrx_word' id='word_1_2' title='bbox 1204 323 1209 330; x_wconf 85' lang='grc'><strong><em>,</em></strong></span> <span class='ocrx_word' id='word_1_3' title='bbox 1279 271 1690 336; x_wconf 76' lang='grc' dir='ltr'><strong>[ΔΟΥΚΙΑΝΟΥ]</strong></span> 
     </span>
    </p>
   </div>
   <div class='ocr_carea' id='block_1_2' title="bbox 294 426 2688 4099">
    <p class='ocr_par' dir='ltr' id='par_1_2' title="bbox 382 426 2665 1855">
     <span class='ocr_line' id='line_1_2' title="bbox 557 426 2551 529; baseline -0.004 -18"><span class='ocrx_word' id='word_1_4' title='bbox 557 449 777 511; x_wconf 78' lang='lat' dir='ltr'><strong><em>HAP.</em></strong></span> <span class='ocrx_word' id='word_1_5' title='bbox 831 444 968 509; x_wconf 89' lang='grc' dir='ltr'><strong><em>Καὶ</em></strong></span> <span class='ocrx_word' id='word_1_6' title='bbox 1021 441 1183 529; x_wconf 85' lang='grc' dir='ltr'><strong><em>μήν,</em></strong></span> <span class='ocrx_word' id='word_1_7' title='bbox 1243 426 1311 519; x_wconf 57' lang='grc' dir='ltr'><strong><em>ὦ,</em></strong></span> <span class='ocrx_word' id='word_1_8' title='bbox 1351 440 1663 528; x_wconf 83' lang='grc' dir='ltr'><strong><em>φιλότης,</em></strong></span> <span class='ocrx_word' id='word_1_9' title='bbox 1732 433 1950 516; x_wconf 72' lang='grc' dir='ltr'><strong><em>οὐδεὶς</em></strong></span> <span class='ocrx_word' id='word_1_10' title='bbox 2004 436 2216 515; x_wconf 67' lang='grc' dir='ltr'><strong><em>οὕτως</em></strong></span> <span class='ocrx_word' id='word_1_11' title='bbox 2269 431 2551 526; x_wconf 75' lang='grc' dir='ltr'><strong><em>ἀνήκοος</em></strong></span> 
     </span>
     <span class='ocr_line' id='line_1_3' title="bbox 382 531 2550 660; baseline -0.004 -47"><span class='ocrx_word' id='word_1_12' title='bbox 382 542 689 635; x_wconf 87' lang='grc' dir='ltr'><strong><em>Ὁμήρου,</em></strong></span> <span class='ocrx_word' id='word_1_13' title='bbox 737 539 877 611; x_wconf 71' lang='grc' dir='ltr'><strong><em>οὐδ’</em></strong></span> <span class='ocrx_word' id='word_1_14' title='bbox 917 535 1000 611; x_wconf 71' lang='grc' dir='ltr'><strong><em>ἂν</em></strong></span> <span class='ocrx_word' id='word_1_15' title='bbox 1030 542 1321 629; x_wconf 81' lang='grc' dir='ltr'><strong><em>πάμπαν</em></strong></span> <span class='ocrx_word' id='word_1_16' title='bbox 1354 540 1650 660; x_wconf 79' lang='grc' dir='ltr'><strong><em>ἰδιώτης</em></strong></span> <span class='ocrx_word' id='word_1_17' title='bbox 1654 541 1835 629; x_wconf 83' lang='grc' dir='ltr'><em>τύχῃ,</em></span> <span class='ocrx_word' id='word_1_18' title='bbox 1876 541 1953 619; x_wconf 80' lang='grc' dir='ltr'><strong><em>ὅς</em></strong></span> <span class='ocrx_word' id='word_1_19' title='bbox 1981 565 2088 619; x_wconf 88' lang='grc' dir='ltr'><strong><em>τις</em></strong></span> <span class='ocrx_word' id='word_1_20' title='bbox 2118 531 2232 607; x_wconf 67' lang='grc' dir='ltr'><strong><em>οὒκ</em></strong></span> <span class='ocrx_word' id='word_1_21' title='bbox 2265 537 2550 606; x_wconf 76' lang='grc' dir='ltr'><strong><em>ἐπίστα-</em></strong></span> 
     </span>
     <span class='ocr_line' id='line_1_4' title="bbox 389 635 2665 733; baseline -0.004 -20"><span class='ocrx_word' id='word_1_22' title='bbox 389 674 504 715; x_wconf 91' lang='grc' dir='ltr'><strong><em>ται</em></strong></span> <span class='ocrx_word' id='word_1_23' title='bbox 548 641 710 731; x_wconf 81' lang='grc' dir='ltr'><strong><em>παρ’</em></strong></span> <span class='ocrx_word' id='word_1_24' title='bbox 766 641 948 733; x_wconf 74' lang='grc' dir='ltr'><strong><em>αὐτῷ</em></strong></span> <span class='ocrx_word' id='word_1_25' title='bbox 990 646 1151 725; x_wconf 78' lang='grc' dir='ltr'><strong><em>τοὺς</em></strong></span> <span class='ocrx_word' id='word_1_26' title='bbox 1195 640 1512 733; x_wconf 74' lang='grc' dir='ltr'><em>ἀρίστους</em></span> <span class='ocrx_word' id='word_1_27' title='bbox 1554 669 1690 710; x_wconf 90' lang='grc' dir='ltr'><strong><em>των</em></strong></span> <span class='ocrx_word' id='word_1_28' title='bbox 1717 638 1954 732; x_wconf 82' lang='grc' dir='ltr'><em>ἡρώων</em></span> <span class='ocrx_word' id='word_1_29' title='bbox 1983 635 2475 727; x_wconf 79' lang='grc' dir='ltr'><strong><em>παρασίτους”</em></strong></span> <span class='ocrx_word' id='word_1_30' title='bbox 2434 667 2551 708; x_wconf 93' lang='grc' dir='ltr'><strong><em>ον-</em></strong></span> <span class='ocrx_word' id='word_1_31' title='bbox 2570 655 2665 705; x_wconf 85' lang='grc'><strong><em>869</em></strong></span> 
     </span>
     <span class='ocr_line' id='line_1_5' title="bbox 388 738 2552 836; baseline -0.003 -20"><span class='ocrx_word' id='word_1_32' title='bbox 388 770 543 828; x_wconf 91' lang='grc' dir='ltr'><strong><em>τας·</em></strong></span> <span class='ocrx_word' id='word_1_33' title='bbox 590 742 628 817; x_wconf 77' lang='grc' dir='ltr'>ὅ</span> <span class='ocrx_word' id='word_1_34' title='bbox 673 775 746 816; x_wconf 88' lang='grc' dir='ltr'><strong><em>τε</em></strong></span> <span class='ocrx_word' id='word_1_35' title='bbox 773 746 899 835; x_wconf 86' lang='grc' dir='ltr'><strong><em>γὰρ</em></strong></span> <span class='ocrx_word' id='word_1_36' title='bbox 930 752 1213 836; x_wconf 85' lang='grc' dir='ltr'><em>Νέστωρ</em></span> <span class='ocrx_word' id='word_1_37' title='bbox 1253 746 1516 826; x_wconf 75' lang='grc' dir='ltr'><strong><em>ἐκεῖνος,</em></strong></span> <span class='ocrx_word' id='word_1_38' title='bbox 1563 738 1640 811; x_wconf 81' lang='grc' dir='ltr'><strong><em>οὗ</em></strong></span> <span class='ocrx_word' id='word_1_39' title='bbox 1672 739 1812 812; x_wconf 79' lang='grc' dir='ltr'><strong><em>ἀπὸ</em></strong></span> <span class='ocrx_word' id='word_1_40' title='bbox 1844 747 1963 834; x_wconf 86' lang='grc' dir='ltr'><strong><em>τῆς</em></strong></span> <span class='ocrx_word' id='word_1_41' title='bbox 1993 743 2287 831; x_wconf 76' lang='grc' dir='ltr'><strong><em>γλώττης</em></strong></span> <span class='ocrx_word' id='word_1_42' title='bbox 2316 742 2552 826; x_wconf 71' lang='grc' dir='ltr'><strong><em>ὥσπερ</em></strong></span> 
     </span>
     <span class='ocr_line' id='line_1_6' title="bbox 388 842 2551 939; baseline -0.003 -21"><span class='ocrx_word' id='word_1_43' title='bbox 388 855 544 936; x_wconf 85' lang='grc' dir='ltr'><strong><em>μέλι</em></strong></span> <span class='ocrx_word' id='word_1_44' title='bbox 587 847 622 920; x_wconf 92' lang='lat'><strong><em>5</em></strong></span> <span class='ocrx_word' id='word_1_45' title='bbox 671 850 864 936; x_wconf 82' lang='grc' dir='ltr'><strong><em>λόγος</em></strong></span> <span class='ocrx_word' id='word_1_46' title='bbox 910 844 1209 939; x_wconf 83' lang='grc' dir='ltr'><strong><em>ἆπέρρει,</em></strong></span> <span class='ocrx_word' id='word_1_47' title='bbox 1257 842 1462 916; x_wconf 70' lang='grc' dir='ltr'><strong><em>αὐτοῦ</em></strong></span> <span class='ocrx_word' id='word_1_48' title='bbox 1505 850 1626 913; x_wconf 85' lang='grc' dir='ltr'><strong><em>τοῦ</em></strong></span> <span class='ocrx_word' id='word_1_49' title='bbox 1668 848 2002 931; x_wconf 81' lang='grc' dir='ltr'><strong><em>βασιλέως</em></strong></span> <span class='ocrx_word' id='word_1_50' title='bbox 2037 848 2418 932; x_wconf 84' lang='grc' dir='ltr'><strong><em>παράσιτος</em></strong></span> <span class='ocrx_word' id='word_1_51' title='bbox 2447 842 2551 930; x_wconf 84' lang='grc' dir='ltr'><strong><em>ἠν,</em></strong></span> 
     </span>
     <span class='ocr_line' id='line_1_7' title="bbox 390 936 2548 1038; baseline -0.004 -15"><span class='ocrx_word' id='word_1_52' title='bbox 390 958 504 1023; x_wconf 85' lang='grc' dir='ltr'><strong><em>καὶ</em></strong></span> <span class='ocrx_word' id='word_1_53' title='bbox 556 949 708 1022; x_wconf 84' lang='grc' dir='ltr'><strong><em>ου’τε</em></strong></span> <span class='ocrx_word' id='word_1_54' title='bbox 750 952 867 1021; x_wconf 84' lang='grc' dir='ltr'><strong><em>τὸν</em></strong></span> <span class='ocrx_word' id='word_1_55' title='bbox 905 946 1247 1036; x_wconf 78' lang='grc' dir='ltr'><strong><em>Ἀχιλλέα,</em></strong></span> <span class='ocrx_word' id='word_1_56' title='bbox 1304 943 1520 1038; x_wconf 89' lang='grc' dir='ltr'><strong><em>όσπερ</em></strong></span> <span class='ocrx_word' id='word_1_57' title='bbox 1568 948 1781 1016; x_wconf 77' lang='grc' dir='ltr'><strong><em>ἐδόκει</em></strong></span> <span class='ocrx_word' id='word_1_58' title='bbox 1824 974 1898 1016; x_wconf 90' lang='grc' dir='ltr'><strong><em>τε</em></strong></span> <span class='ocrx_word' id='word_1_59' title='bbox 1938 952 2051 1018; x_wconf 86' lang='grc' dir='ltr'><strong><em>καὶ</em></strong></span> <span class='ocrx_word' id='word_1_60' title='bbox 2095 936 2175 1035; x_wconf 79' lang='grc' dir='ltr'><strong><em>ἦν</em></strong></span> <span class='ocrx_word' id='word_1_61' title='bbox 2219 948 2294 1016; x_wconf 83' lang='grc' dir='ltr'><strong><em>τὸ</em></strong></span> <span class='ocrx_word' id='word_1_62' title='bbox 2345 951 2548 1032; x_wconf 77' lang='grc' dir='ltr'><strong><em>σῶμα</em></strong></span> 
     </span>
     <span class='ocr_line' id='line_1_8' title="bbox 390 1044 2554 1143; baseline -0.005 -17"><span class='ocrx_word' id='word_1_63' title='bbox 390 1054 858 1143; x_wconf 76' lang='grc' dir='ltr'><strong><em>γενναιότατος</em></strong></span> <span class='ocrx_word' id='word_1_64' title='bbox 910 1051 1045 1141; x_wconf 87' lang='grc' dir='ltr'><strong><em>[καὶ</em></strong></span> <span class='ocrx_word' id='word_1_65' title='bbox 1098 1050 1581 1139; x_wconf 87' lang='grc' dir='ltr'><strong><em>δικαιότατος],</em></strong></span> <span class='ocrx_word' id='word_1_66' title='bbox 1639 1076 1791 1119; x_wconf 93' lang='grc' dir='ltr'><strong><em>ουτε</em></strong></span> <span class='ocrx_word' id='word_1_67' title='bbox 1833 1050 1955 1119; x_wconf 81' lang='grc' dir='ltr'><strong><em>τὸν</em></strong></span> <span class='ocrx_word' id='word_1_68' title='bbox 1999 1049 2351 1138; x_wconf 82' lang='grc' dir='ltr'><strong><em>Διομήδην</em></strong></span> <span class='ocrx_word' id='word_1_69' title='bbox 2396 1044 2554 1116; x_wconf 77' lang='grc' dir='ltr'><strong><em>ου’τε</em></strong></span> 
     </span>
     <span class='ocr_line' id='line_1_9' title="bbox 391 1146 2555 1242; baseline -0.004 -16"><span class='ocrx_word' id='word_1_70' title='bbox 391 1159 511 1226; x_wconf 86' lang='grc' dir='ltr'><strong><em>τὸν</em></strong></span> <span class='ocrx_word' id='word_1_71' title='bbox 566 1157 843 1225; x_wconf 74' lang='grc' dir='ltr'><strong><em>Αἴαντα</em></strong></span> <span class='ocrx_word' id='word_1_72' title='bbox 898 1152 933 1224; x_wconf 87' lang='lat'><em>5</em></span> <span class='ocrx_word' id='word_1_73' title='bbox 985 1153 1419 1242; x_wconf 86' lang='grc' dir='ltr'><strong><em>Ἀγαμέμνων</em></strong></span> <span class='ocrx_word' id='word_1_74' title='bbox 1485 1146 1697 1232; x_wconf 80' lang='grc' dir='ltr'><strong><em>ου’τως</em></strong></span> <span class='ocrx_word' id='word_1_75' title='bbox 1754 1150 2022 1221; x_wconf 73' lang='grc' dir='ltr'><strong><em>ἐπαινεῖ</em></strong></span> <span class='ocrx_word' id='word_1_76' title='bbox 2069 1179 2142 1220; x_wconf 87' lang='grc' dir='ltr'><strong><em>τε</em></strong></span> <span class='ocrx_word' id='word_1_77' title='bbox 2192 1156 2305 1220; x_wconf 89' lang='grc' dir='ltr'><strong><em>καὶ</em></strong></span> <span class='ocrx_word' id='word_1_78' title='bbox 2372 1158 2555 1218; x_wconf 84' lang='grc' dir='ltr'><strong><em>θαυ-</em></strong></span> 
     </span>
     <span class='ocr_line' id='line_1_10' title="bbox 390 1249 2560 1345; baseline -0.004 -17"><span class='ocrx_word' id='word_1_79' title='bbox 390 1260 587 1345; x_wconf 81' lang='grc' dir='ltr'><strong><em>μάζει</em></strong></span> <span class='ocrx_word' id='word_1_80' title='bbox 639 1252 868 1343; x_wconf 84' lang='grc' dir='ltr'><strong><em>ώσπερ</em></strong></span> <span class='ocrx_word' id='word_1_81' title='bbox 919 1259 1038 1327; x_wconf 85' lang='grc' dir='ltr'><strong><em>τὸν</em></strong></span> <span class='ocrx_word' id='word_1_82' title='bbox 1079 1263 1409 1343; x_wconf 86' lang='grc' dir='ltr'><strong><em>Νέστορα.</em></strong></span> <span class='ocrx_word' id='word_1_83' title='bbox 1502 1249 1656 1322; x_wconf 72' lang='grc' dir='ltr'><strong><em>οὐδὲ</em></strong></span> <span class='ocrx_word' id='word_1_84' title='bbox 1706 1253 1831 1339; x_wconf 84' lang='grc' dir='ltr'><strong><em>γὰρ</em></strong></span> <span class='ocrx_word' id='word_1_85' title='bbox 1887 1254 2044 1321; x_wconf 88' lang='grc' dir='ltr'><strong><em>δέκα</em></strong></span> <span class='ocrx_word' id='word_1_86' title='bbox 2086 1255 2401 1331; x_wconf 76' lang='grc' dir='ltr'><strong><em>Αἴαντας</em></strong></span> <span class='ocrx_word' id='word_1_87' title='bbox 2447 1249 2560 1320; x_wconf 86' lang='grc' dir='ltr'><strong><em>εό-</em></strong></span> 
     </span>
     <span class='ocr_line' id='line_1_11' title="bbox 386 1346 2561 1448; baseline -0.004 -19"><span class='ocrx_word' id='word_1_88' title='bbox 386 1387 579 1446; x_wconf 87' lang='grc' dir='ltr'><strong><em>χεται</em></strong></span> <span class='ocrx_word' id='word_1_89' title='bbox 633 1367 955 1448; x_wconf 88' lang='grc' dir='ltr'><strong><em>γενέσθαι</em></strong></span> <span class='ocrx_word' id='word_1_90' title='bbox 1009 1357 1194 1448; x_wconf 76' lang='grc' dir='ltr'><strong><em>αὗτῷ</em></strong></span> <span class='ocrx_word' id='word_1_91' title='bbox 1245 1384 1397 1426; x_wconf 87' lang='grc' dir='ltr'><strong><em>ουτε</em></strong></span> <span class='ocrx_word' id='word_1_92' title='bbox 1452 1358 1609 1424; x_wconf 85' lang='grc' dir='ltr'><strong><em>δέκα</em></strong></span> <span class='ocrx_word' id='word_1_93' title='bbox 1644 1350 2018 1439; x_wconf 83' lang='grc' dir='ltr'><strong><em>Ἀχιλλέας·</em></strong></span> <span class='ocrx_word' id='word_1_94' title='bbox 2081 1356 2299 1424; x_wconf 85' lang='grc' dir='ltr'><strong><em>πάλαι</em></strong></span> <span class='ocrx_word' id='word_1_95' title='bbox 2345 1353 2410 1423; x_wconf 79' lang='grc' dir='ltr'><strong><em>δ’</em></strong></span> <span class='ocrx_word' id='word_1_96' title='bbox 2473 1346 2561 1422; x_wconf 76' lang='grc' dir='ltr'><strong><em>ἂν</em></strong></span> 
     </span>
     <span class='ocr_line' id='line_1_12' title="bbox 395 1445 2554 1553; baseline -0.003 -22"><span class='ocrx_word' id='word_1_97' title='bbox 395 1463 759 1532; x_wconf 75' lang='grc' dir='ltr'><strong><em>ἑαλωκέναι</em></strong></span> <span class='ocrx_word' id='word_1_98' title='bbox 815 1463 934 1553; x_wconf 88' lang='grc' dir='ltr'><strong><em>τὴν</em></strong></span> <span class='ocrx_word' id='word_1_99' title='bbox 986 1468 1266 1548; x_wconf 88' lang='grc' dir='ltr'><strong><em>Τροίαν,</em></strong></span> <span class='ocrx_word' id='word_1_100' title='bbox 1326 1486 1387 1527; x_wconf 93' lang='grc' dir='ltr'><strong><em>ει</em></strong></span> <span class='ocrx_word' id='word_1_101' title='bbox 1442 1458 1788 1536; x_wconf 83' lang='grc' dir='ltr'><strong><em>τοιούτους</em></strong></span> <span class='ocrx_word' id='word_1_102' title='bbox 1844 1454 2088 1537; x_wconf 80' lang='grc' dir='ltr'><strong><em>ὁποῖος</em></strong></span> <span class='ocrx_word' id='word_1_103' title='bbox 2147 1445 2229 1549; x_wconf 79' lang='grc' dir='ltr'><strong><em>ἦν</em></strong></span> <span class='ocrx_word' id='word_1_104' title='bbox 2276 1452 2469 1536; x_wconf 90' lang='grc' dir='ltr'><strong><em>ουτος</em></strong></span> <span class='ocrx_word' id='word_1_105' title='bbox 2515 1454 2554 1525; x_wconf 90' lang='lat'><strong><em>5</em></strong></span> 
     </span>
     <span class='ocr_line' id='line_1_13' title="bbox 394 1557 2559 1653; baseline -0.002 -21"><span class='ocrx_word' id='word_1_106' title='bbox 394 1565 792 1653; x_wconf 81' lang='grc' dir='ltr'><strong><em>παράσιτος,</em></strong></span> <span class='ocrx_word' id='word_1_107' title='bbox 836 1571 1084 1652; x_wconf 89' lang='grc' dir='ltr'><strong><em>καίπερ</em></strong></span> <span class='ocrx_word' id='word_1_108' title='bbox 1126 1570 1336 1651; x_wconf 87' lang='grc' dir='ltr'><strong><em>γέρων</em></strong></span> <span class='ocrx_word' id='word_1_109' title='bbox 1381 1587 1496 1647; x_wconf 87' lang='grc' dir='ltr'><strong><em>ων,</em></strong></span> <span class='ocrx_word' id='word_1_110' title='bbox 1543 1560 1956 1645; x_wconf 85' lang='grc' dir='ltr'><strong><em>στρατιώτας</em></strong></span> <span class='ocrx_word' id='word_1_111' title='bbox 2001 1557 2133 1644; x_wconf 82' lang='grc' dir='ltr'><strong><em>εἶχε</em></strong></span> <span class='ocrx_word' id='word_1_112' title='bbox 2178 1561 2353 1628; x_wconf 90' lang='grc' dir='ltr'><strong><em>δέκα.</em></strong></span> <span class='ocrx_word' id='word_1_113' title='bbox 2441 1563 2559 1628; x_wconf 85' lang='grc' dir='ltr'><strong><em>καὶ</em></strong></span> 
     </span>
     <span class='ocr_line' id='line_1_14' title="bbox 395 1658 2560 1751; baseline -0.003 -17"><span class='ocrx_word' id='word_1_114' title='bbox 395 1665 512 1735; x_wconf 83' lang='grc' dir='ltr'><strong><em>τὸν</em></strong></span> <span class='ocrx_word' id='word_1_115' title='bbox 548 1663 878 1751; x_wconf 86' lang='grc' dir='ltr'><strong><em>Ιδομενέα</em></strong></span> <span class='ocrx_word' id='word_1_116' title='bbox 933 1667 1051 1735; x_wconf 89' lang='grc' dir='ltr'><strong><em>τὸν</em></strong></span> <span class='ocrx_word' id='word_1_117' title='bbox 1107 1669 1227 1734; x_wconf 87' lang='grc' dir='ltr'><strong><em>τοῦ</em></strong></span> <span class='ocrx_word' id='word_1_118' title='bbox 1268 1662 1444 1742; x_wconf 83' lang='grc' dir='ltr'><strong><em>Διὸς</em></strong></span> <span class='ocrx_word' id='word_1_119' title='bbox 1488 1662 1752 1748; x_wconf 85' lang='grc' dir='ltr'><strong><em>ε’γγονον</em></strong></span> <span class='ocrx_word' id='word_1_120' title='bbox 1798 1663 2178 1751; x_wconf 83' lang='grc' dir='ltr'><strong><em>παράσιτον</em></strong></span> <span class='ocrx_word' id='word_1_121' title='bbox 2216 1658 2560 1749; x_wconf 88' lang='grc' dir='ltr'><strong><em>Ἀγαμέμ-</em></strong></span> 
     </span>
     <span class='ocr_line' id='line_1_15' title="bbox 397 1766 1127 1855; baseline -0.003 -18"><span class='ocrx_word' id='word_1_122' title='bbox 397 1794 589 1848; x_wconf 93' lang='grc' dir='ltr'><strong><em>νονος</em></strong></span> <span class='ocrx_word' id='word_1_123' title='bbox 631 1766 886 1853; x_wconf 84' lang='grc' dir='ltr'><strong><em>ὅμοίως</em></strong></span> <span class='ocrx_word' id='word_1_124' title='bbox 931 1771 1127 1855; x_wconf 85' lang='grc' dir='ltr'><strong><em>λέγει.</em></strong></span> 
     </span>
    </p>

    <p class='ocr_par' dir='ltr' id='par_1_3' title="bbox 294 1863 2688 2169">
     <span class='ocr_line' id='line_1_16' title="bbox 294 1863 2688 1953; baseline -0.005 -13"><span class='ocrx_word' id='word_1_125' title='bbox 294 1884 370 1941; x_wconf 75' lang='lat'><em>45</em></span> <span class='ocrx_word' id='word_1_126' title='bbox 576 1878 681 1938; x_wconf 86' lang='lat'><em>45.</em></span> <span class='ocrx_word' id='word_1_127' title='bbox 733 1878 943 1939; x_wconf 90' lang='lat' dir='ltr'><strong><em>TYX.</em></strong></span> <span class='ocrx_word' id='word_1_128' title='bbox 994 1872 1225 1937; x_wconf 84' lang='grc' dir='ltr'><strong><em>Ταῦτα</em></strong></span> <span class='ocrx_word' id='word_1_129' title='bbox 1267 1868 1387 1952; x_wconf 83' lang='grc' dir='ltr'><strong><em>μὲν</em></strong></span> <span class='ocrx_word' id='word_1_130' title='bbox 1431 1869 1545 1935; x_wconf 89' lang='grc' dir='ltr'><strong><em>καὶ</em></strong></span> <span class='ocrx_word' id='word_1_131' title='bbox 1586 1864 1787 1945; x_wconf 81' lang='grc' dir='ltr'><strong><em>αὐτὸς</em></strong></span> <span class='ocrx_word' id='word_1_132' title='bbox 1817 1865 2217 1952; x_wconf 78' lang='grc' dir='ltr'><strong><em>ἐπίσταμαι·</em></strong></span> <span class='ocrx_word' id='word_1_133' title='bbox 2262 1863 2456 1934; x_wconf 71' lang='grc' dir='ltr'><strong><em>οὔπω</em></strong></span> <span class='ocrx_word' id='word_1_134' title='bbox 2484 1891 2567 1953; x_wconf 89' lang='grc' dir='ltr'><strong><em>γε</em></strong></span> <span class='ocrx_word' id='word_1_135' title='bbox 2584 1879 2688 1929; x_wconf 79' lang='grc'><strong><em>870</em></strong></span> 
     </span>
     <span class='ocr_line' id='line_1_17' title="bbox 398 1963 2568 2063; baseline -0.003 -22"><span class='ocrx_word' id='word_1_136' title='bbox 398 1972 527 2063; x_wconf 86' lang='grc' dir='ltr'><strong><em>μὴν</em></strong></span> <span class='ocrx_word' id='word_1_137' title='bbox 587 1974 759 2039; x_wconf 83' lang='grc' dir='ltr'><strong><em>δοκῶ</em></strong></span> <span class='ocrx_word' id='word_1_138' title='bbox 815 1997 936 2056; x_wconf 92' lang='grc' dir='ltr'><strong><em>μοι</em></strong></span> <span class='ocrx_word' id='word_1_139' title='bbox 986 1969 1402 2059; x_wconf 85' lang='grc' dir='ltr'><strong><em>γιγνώσκειν,</em></strong></span> <span class='ocrx_word' id='word_1_140' title='bbox 1458 1972 1610 2047; x_wconf 81' lang='grc' dir='ltr'><strong><em>πῶς</em></strong></span> <span class='ocrx_word' id='word_1_141' title='bbox 1667 1967 1745 2056; x_wconf 77' lang='grc' dir='ltr'><strong><em>δὴ</em></strong></span> <span class='ocrx_word' id='word_1_142' title='bbox 1805 1966 1900 2036; x_wconf 79' lang='grc' dir='ltr'><strong><em>τώ</em></strong></span> <span class='ocrx_word' id='word_1_143' title='bbox 1962 1965 2159 2057; x_wconf 80' lang='grc' dir='ltr'><strong><em>ὂῖνδρε</em></strong></span> <span class='ocrx_word' id='word_1_144' title='bbox 2213 1972 2311 2056; x_wconf 59' lang='grc' dir='ltr'><strong><em>τῷ</em></strong></span> <span class='ocrx_word' id='word_1_145' title='bbox 2355 1963 2568 2055; x_wconf 62' lang='grc' dir='ltr'><strong><em>Ἀγαὲ-</em></strong></span> 
     </span>
     <span class='ocr_line' id='line_1_18' title="bbox 398 2067 1472 2169; baseline -0.004 -27"><span class='ocrx_word' id='word_1_146' title='bbox 398 2079 679 2160; x_wconf 91' lang='grc' dir='ltr'><strong><em>μέμνονι</em></strong></span> <span class='ocrx_word' id='word_1_147' title='bbox 722 2072 1096 2160; x_wconf 84' lang='grc' dir='ltr'><strong><em>παράσιτοι</em></strong></span> <span class='ocrx_word' id='word_1_148' title='bbox 1142 2067 1371 2163; x_wconf 80' lang='grc' dir='ltr'><strong><em>ἤστην.</em></strong></span> <span class='ocrx_word' id='word_1_149' title='bbox 1445 2158 1472 2169; x_wconf 75' lang='lat'><strong><em>-</em></strong></span> 
     </span>
    </p>

    <p class='ocr_par' dir='ltr' id='par_1_4' title="bbox 399 2170 2568 2368">
     <span class='ocr_line' id='line_1_19' title="bbox 569 2170 2568 2264; baseline -0.001 -22"><span class='ocrx_word' id='word_1_150' title='bbox 569 2180 793 2245; x_wconf 86' lang='lat' dir='ltr'><em>HAP.</em></span> <span class='ocrx_word' id='word_1_151' title='bbox 831 2170 1356 2264; x_wconf 83' lang='grc' dir='ltr'><strong><em>Ἀναμνήσθητι,</em></strong></span> <span class='ocrx_word' id='word_1_152' title='bbox 1417 2170 1471 2240; x_wconf 85' lang='grc' dir='ltr'><strong><em>ώ</em></strong></span> <span class='ocrx_word' id='word_1_153' title='bbox 1522 2186 1813 2261; x_wconf 84' lang='grc' dir='ltr'><strong><em>γενναῖε,</em></strong></span> <span class='ocrx_word' id='word_1_154' title='bbox 1872 2176 2007 2239; x_wconf 73' lang='grc' dir='ltr'><strong><em>τιῖῗν</em></strong></span> <span class='ocrx_word' id='word_1_155' title='bbox 2061 2171 2246 2240; x_wconf 72' lang='grc' dir='ltr'><strong><em>ἐπῶν</em></strong></span> <span class='ocrx_word' id='word_1_156' title='bbox 2291 2171 2568 2241; x_wconf 76' lang='grc' dir='ltr'><strong><em>ἐκείνων</em></strong></span> 
     </span>
     <span class='ocr_line' id='line_1_20' title="bbox 399 2270 2426 2368; baseline -0.001 -20"><span class='ocrx_word' id='word_1_157' title='bbox 399 2275 626 2368; x_wconf 81' lang='grc' dir='ltr'><strong><em>ὦνπερ</em></strong></span> <span class='ocrx_word' id='word_1_158' title='bbox 673 2273 876 2357; x_wconf 69' lang='grc' dir='ltr'><strong><em>αὐτὸς</em></strong></span> <span class='ocrx_word' id='word_1_159' title='bbox 921 2274 956 2345; x_wconf 95' lang='lat'><strong><em>5</em></strong></span> <span class='ocrx_word' id='word_1_160' title='bbox 998 2270 1432 2364; x_wconf 80' lang='grc' dir='ltr'><strong><em>Ἀγαμέμνων</em></strong></span> <span class='ocrx_word' id='word_1_161' title='bbox 1478 2275 1654 2364; x_wconf 85' lang='grc' dir='ltr'><strong><em>πρὸς</em></strong></span> <span class='ocrx_word' id='word_1_162' title='bbox 1696 2274 1815 2344; x_wconf 84' lang='grc' dir='ltr'><strong><em>τὸν</em></strong></span> <span class='ocrx_word' id='word_1_163' title='bbox 1852 2270 2183 2361; x_wconf 84' lang='grc' dir='ltr'><strong><em>Ἰδομενέα</em></strong></span> <span class='ocrx_word' id='word_1_164' title='bbox 2229 2279 2426 2364; x_wconf 83' lang='grc' dir='ltr'><strong><em>λέγει.</em></strong></span> 
     </span>
    </p>

    <p class='ocr_par' dir='ltr' id='par_1_5' title="bbox 577 2385 1099 2464">
     <span class='ocr_line' id='line_1_21' title="bbox 577 2385 1099 2464; baseline -0.006 -14"><span class='ocrx_word' id='word_1_165' title='bbox 577 2388 787 2450; x_wconf 82' lang='grc' dir='ltr'><strong><em>ΤΥΧ.</em></strong></span> <span class='ocrx_word' id='word_1_166' title='bbox 833 2385 1099 2464; x_wconf 76' lang='grc' dir='ltr'><strong><em>Ποίων,-</em></strong></span> 
     </span>
    </p>

    <p class='ocr_par' dir='ltr' id='par_1_6' title="bbox 394 2478 2581 3987">
     <span class='ocr_line' id='line_1_22' title="bbox 571 2478 2368 2559; baseline -0.001 -8"><span class='ocrx_word' id='word_1_167' title='bbox 571 2487 793 2551; x_wconf 90' lang='lat' dir='ltr'><em>HAP.</em></span> <span class='ocrx_word' id='word_1_168' title='bbox 1408 2478 1531 2548; x_wconf 87' lang='grc' dir='ltr'><strong><em>σὸν</em></strong></span> <span class='ocrx_word' id='word_1_169' title='bbox 1576 2479 1648 2547; x_wconf 83' lang='grc' dir='ltr'><strong><em>δὲ</em></strong></span> <span class='ocrx_word' id='word_1_170' title='bbox 1693 2482 1929 2547; x_wconf 91' lang='grc' dir='ltr'><strong><em>πλεῖον</em></strong></span> <span class='ocrx_word' id='word_1_171' title='bbox 1974 2479 2189 2559; x_wconf 89' lang='grc' dir='ltr'><strong><em>δέπας</em></strong></span> <span class='ocrx_word' id='word_1_172' title='bbox 2235 2481 2368 2549; x_wconf 82' lang='grc' dir='ltr'><strong><em>αἰεὶ</em></strong></span> 
     </span>
     <span class='ocr_line' id='line_1_23' title="bbox 660 2573 2368 2675; baseline -0.002 -21"><span class='ocrx_word' id='word_1_173' title='bbox 660 2578 882 2675; x_wconf 73' lang='grc' dir='ltr'><strong><em>ἕστηχ’</em></strong></span> <span class='ocrx_word' id='word_1_174' title='bbox 935 2576 1166 2666; x_wconf 70' lang='grc' dir='ltr'><strong><em>ὥσπερ</em></strong></span> <span class='ocrx_word' id='word_1_175' title='bbox 1212 2580 1364 2667; x_wconf 77' lang='grc' dir='ltr'><strong><em>ἐμοὶ</em></strong></span> <span class='ocrx_word' id='word_1_176' title='bbox 1407 2586 1630 2650; x_wconf 86' lang='grc' dir='ltr'><strong><em>πιέειν</em></strong></span> <span class='ocrx_word' id='word_1_177' title='bbox 1672 2573 1786 2648; x_wconf 71' lang='grc' dir='ltr'><strong><em>ὅτε</em></strong></span> <span class='ocrx_word' id='word_1_178' title='bbox 1828 2580 2054 2665; x_wconf 84' lang='grc' dir='ltr'><strong><em>θυμὸς</em></strong></span> <span class='ocrx_word' id='word_1_179' title='bbox 2100 2575 2368 2670; x_wconf 81' lang='grc' dir='ltr'><strong><em>ἆνώγοι.</em></strong></span> 
     </span>
     <span class='ocr_line' id='line_1_24' title="bbox 402 2677 2572 2776; baseline -0.001 -20"><span class='ocrx_word' id='word_1_180' title='bbox 402 2690 701 2757; x_wconf 75' lang='grc' dir='ltr'><strong><em>ἐνταῦθα</em></strong></span> <span class='ocrx_word' id='word_1_181' title='bbox 744 2686 871 2776; x_wconf 80' lang='grc' dir='ltr'><strong><em>γὰρ</em></strong></span> <span class='ocrx_word' id='word_1_182' title='bbox 916 2685 993 2755; x_wconf 82' lang='grc' dir='ltr'><strong><em>τὸ</em></strong></span> <span class='ocrx_word' id='word_1_183' title='bbox 1046 2685 1182 2754; x_wconf 80' lang='grc' dir='ltr'><strong><em>αἰεὶ</em></strong></span> <span class='ocrx_word' id='word_1_184' title='bbox 1223 2686 1465 2752; x_wconf 91' lang='grc' dir='ltr'><strong><em>πλεῖον</em></strong></span> <span class='ocrx_word' id='word_1_185' title='bbox 1509 2683 1722 2761; x_wconf 90' lang='grc' dir='ltr'><strong><em>δέπας</em></strong></span> <span class='ocrx_word' id='word_1_186' title='bbox 1767 2687 2015 2772; x_wconf 80' lang='grc' dir='ltr'><strong><em>εἴρηκεν</em></strong></span> <span class='ocrx_word' id='word_1_187' title='bbox 2049 2677 2164 2769; x_wconf 81' lang='grc' dir='ltr'><strong><em>οὖχ</em></strong></span> <span class='ocrx_word' id='word_1_188' title='bbox 2196 2684 2304 2753; x_wconf 80' lang='grc' dir='ltr'><strong><em>ὅτι</em></strong></span> <span class='ocrx_word' id='word_1_189' title='bbox 2332 2684 2408 2751; x_wconf 86' lang='grc' dir='ltr'><strong><em>τὸ</em></strong></span> <span class='ocrx_word' id='word_1_190' title='bbox 2444 2712 2572 2753; x_wconf 86' lang='grc' dir='ltr'><strong><em>πο-</em></strong></span> 
     </span>
     <span class='ocr_line' id='line_1_25' title="bbox 400 2779 2573 2880; baseline -0.002 -22"><span class='ocrx_word' id='word_1_191' title='bbox 400 2792 628 2880; x_wconf 90' lang='grc' dir='ltr'><strong><em>τήριον</em></strong></span> <span class='ocrx_word' id='word_1_192' title='bbox 672 2788 785 2859; x_wconf 83' lang='grc' dir='ltr'><strong><em>διὰ</em></strong></span> <span class='ocrx_word' id='word_1_193' title='bbox 831 2787 1090 2866; x_wconf 83' lang='grc' dir='ltr'><strong><em>παντὸς</em></strong></span> <span class='ocrx_word' id='word_1_194' title='bbox 1133 2789 1388 2874; x_wconf 77' lang='grc' dir='ltr'><strong><em>πλῆρες</em></strong></span> <span class='ocrx_word' id='word_1_195' title='bbox 1427 2785 1716 2872; x_wconf 80' lang='grc' dir='ltr'><strong><em>εἱστήκει</em></strong></span> <span class='ocrx_word' id='word_1_196' title='bbox 1743 2789 1842 2872; x_wconf 71' lang='grc' dir='ltr'><strong><em>τῷ</em></strong></span> <span class='ocrx_word' id='word_1_197' title='bbox 1864 2779 2187 2871; x_wconf 87' lang='grc' dir='ltr'><strong><em>Ἰδομενεῖ</em></strong></span> <span class='ocrx_word' id='word_1_198' title='bbox 2209 2789 2323 2854; x_wconf 89' lang='grc' dir='ltr'><strong><em>καὶ</em></strong></span> <span class='ocrx_word' id='word_1_199' title='bbox 2351 2813 2573 2871; x_wconf 86' lang='grc' dir='ltr'><strong><em>μαχο-</em></strong></span> 
     </span>
     <span class='ocr_line' id='line_1_26' title="bbox 400 2881 2572 2980; baseline -0.002 -19"><span class='ocrx_word' id='word_1_200' title='bbox 400 2898 580 2980; x_wconf 81' lang='grc' dir='ltr'><strong><em>μένῳ</em></strong></span> <span class='ocrx_word' id='word_1_201' title='bbox 637 2895 748 2959; x_wconf 83' lang='grc' dir='ltr'><strong><em>καὶ</em></strong></span> <span class='ocrx_word' id='word_1_202' title='bbox 807 2890 1245 2971; x_wconf 74' lang='grc' dir='ltr'><strong><em>καθεύδοντι,</em></strong></span> <span class='ocrx_word' id='word_1_203' title='bbox 1306 2882 1457 2954; x_wconf 70' lang='grc' dir='ltr'><strong><em>ἀλλ’</em></strong></span> <span class='ocrx_word' id='word_1_204' title='bbox 1518 2881 1625 2955; x_wconf 71' lang='grc' dir='ltr'><strong><em>ὅτι</em></strong></span> <span class='ocrx_word' id='word_1_205' title='bbox 1673 2881 1855 2974; x_wconf 71' lang='grc' dir='ltr'><strong><em>αὐτῷ</em></strong></span> <span class='ocrx_word' id='word_1_206' title='bbox 1899 2883 1994 2956; x_wconf 73' lang='grc' dir='ltr'><strong><em>δι’</em></strong></span> <span class='ocrx_word' id='word_1_207' title='bbox 2047 2881 2205 2957; x_wconf 70' lang='grc' dir='ltr'><strong><em>ὅλου</em></strong></span> <span class='ocrx_word' id='word_1_208' title='bbox 2248 2892 2370 2956; x_wconf 86' lang='grc' dir='ltr'><strong><em>τοῦ</em></strong></span> <span class='ocrx_word' id='word_1_209' title='bbox 2409 2894 2572 2974; x_wconf 84' lang='grc' dir='ltr'><strong><em>βίου</em></strong></span> 
     </span>
     <span class='ocr_line' id='line_1_27' title="bbox 400 2983 2574 3082; baseline -0.002 -18"><span class='ocrx_word' id='word_1_210' title='bbox 400 2995 589 3082; x_wconf 76' lang='grc' dir='ltr'><strong><em>μόνῳ</em></strong></span> <span class='ocrx_word' id='word_1_211' title='bbox 657 2994 1075 3060; x_wconf 87' lang='grc' dir='ltr'><strong><em>συνδειπνεῖν</em></strong></span> <span class='ocrx_word' id='word_1_212' title='bbox 1140 2986 1390 3079; x_wconf 73' lang='grc' dir='ltr'><strong><em>ὑπῆρχε</em></strong></span> <span class='ocrx_word' id='word_1_213' title='bbox 1455 2993 1557 3076; x_wconf 73' lang='grc' dir='ltr'><strong><em>τῷ</em></strong></span> <span class='ocrx_word' id='word_1_214' title='bbox 1618 2990 1892 3074; x_wconf 83' lang='grc' dir='ltr'><strong><em>βασιλεῖ</em></strong></span> <span class='ocrx_word' id='word_1_215' title='bbox 1954 2983 2071 3072; x_wconf 76' lang='grc' dir='ltr'><strong><em>οὐχ</em></strong></span> <span class='ocrx_word' id='word_1_216' title='bbox 2136 2983 2369 3078; x_wconf 77' lang='grc' dir='ltr'><strong><em>ὥσπερ</em></strong></span> <span class='ocrx_word' id='word_1_217' title='bbox 2420 3006 2574 3069; x_wconf 90' lang='grc' dir='ltr'><strong><em>τοῖς</em></strong></span> 
     </span>
     <span class='ocr_line' id='line_1_28' title="bbox 404 3086 2573 3180; baseline -0.002 -15"><span class='ocrx_word' id='word_1_218' title='bbox 404 3100 677 3172; x_wconf 86' lang='grc' dir='ltr'><strong><em>λοιποῖς</em></strong></span> <span class='ocrx_word' id='word_1_219' title='bbox 719 3091 1165 3180; x_wconf 87' lang='grc' dir='ltr'><strong><em>στρατιώταις</em></strong></span> <span class='ocrx_word' id='word_1_220' title='bbox 1208 3090 1382 3179; x_wconf 87' lang='grc' dir='ltr'><strong><em>πρὸς</em></strong></span> <span class='ocrx_word' id='word_1_221' title='bbox 1418 3087 1669 3180; x_wconf 77' lang='grc' dir='ltr'><strong><em>ἡμέρας</em></strong></span> <span class='ocrx_word' id='word_1_222' title='bbox 1696 3089 1890 3169; x_wconf 81' lang='grc' dir='ltr'><strong><em>τινὰς</em></strong></span> <span class='ocrx_word' id='word_1_223' title='bbox 1916 3093 2375 3177; x_wconf 81' lang='grc' dir='ltr'><strong><em>καλουμένοις.</em></strong></span> <span class='ocrx_word' id='word_1_224' title='bbox 2448 3086 2573 3161; x_wconf 78' lang='grc' dir='ltr'><strong><em>τόν</em></strong></span> 
     </span>
     <span class='ocr_line' id='line_1_29' title="bbox 400 3192 2570 3285; baseline -0.001 -19"><span class='ocrx_word' id='word_1_225' title='bbox 400 3199 527 3283; x_wconf 83' lang='grc' dir='ltr'><strong><em>μὲν</em></strong></span> <span class='ocrx_word' id='word_1_226' title='bbox 591 3194 717 3283; x_wconf 83' lang='grc' dir='ltr'><strong><em>γὰρ</em></strong></span> <span class='ocrx_word' id='word_1_227' title='bbox 770 3195 1071 3271; x_wconf 77' lang='grc' dir='ltr'><strong><em>Αἴαντα,</em></strong></span> <span class='ocrx_word' id='word_1_228' title='bbox 1139 3192 1289 3285; x_wconf 77' lang='grc' dir='ltr'><strong><em>ἐπεὶ</em></strong></span> <span class='ocrx_word' id='word_1_229' title='bbox 1356 3194 1576 3272; x_wconf 80' lang='grc' dir='ltr'><strong><em>καλῶς</em></strong></span> <span class='ocrx_word' id='word_1_230' title='bbox 1641 3192 2098 3283; x_wconf 76' lang='grc' dir='ltr'><strong><em>ἐμονομάχησε</em></strong></span> <span class='ocrx_word' id='word_1_231' title='bbox 2148 3198 2247 3281; x_wconf 79' lang='grc' dir='ltr'><strong><em>τῷ</em></strong></span> <span class='ocrx_word' id='word_1_232' title='bbox 2280 3194 2570 3280; x_wconf 87' lang='grc' dir='ltr'><strong><em>Ἕκτορι,</em></strong></span> 
     </span>
     <span class='ocr_line' id='line_1_30' title="bbox 400 3289 2574 3388; baseline -0.002 -20"><span class='ocrx_word' id='word_1_233' title='bbox 400 3299 545 3383; x_wconf 84' lang='grc' dir='ltr'><strong><em>,,εἷς</em></strong></span> <span class='ocrx_word' id='word_1_234' title='bbox 588 3297 1055 3387; x_wconf 87' lang='grc' dir='ltr'><strong><em>Ἀγαμέμνονα</em></strong></span> <span class='ocrx_word' id='word_1_235' title='bbox 1121 3296 1266 3363; x_wconf 91' lang='grc' dir='ltr'><strong><em>δῖον</em></strong></span> <span class='ocrx_word' id='word_1_236' title='bbox 1321 3289 1551 3382; x_wconf 71' lang='grc' dir='ltr'><strong><em>ἅγον“,</em></strong></span> <span class='ocrx_word' id='word_1_237' title='bbox 1619 3301 1820 3384; x_wconf 84' lang='grc' dir='ltr'><strong><em>φησί,</em></strong></span> <span class='ocrx_word' id='word_1_238' title='bbox 1886 3296 2056 3367; x_wconf 81' lang='grc' dir='ltr'><strong><em>κατὰ</em></strong></span> <span class='ocrx_word' id='word_1_239' title='bbox 2108 3296 2308 3388; x_wconf 84' lang='grc' dir='ltr'><strong><em>τιμὴν</em></strong></span> <span class='ocrx_word' id='word_1_240' title='bbox 2363 3291 2574 3376; x_wconf 81' lang='grc' dir='ltr'><strong><em>ἆξιω-</em></strong></span> 
     </span>
     <span class='ocr_line' id='line_1_31' title="bbox 400 3394 2575 3491; baseline -0.002 -20"><span class='ocrx_word' id='word_1_241' title='bbox 400 3409 617 3483; x_wconf 81' lang='grc' dir='ltr'><strong><em>θέντα</em></strong></span> <span class='ocrx_word' id='word_1_242' title='bbox 662 3400 797 3489; x_wconf 83' lang='grc' dir='ltr'><strong><em>ὀψὲ</em></strong></span> <span class='ocrx_word' id='word_1_243' title='bbox 839 3404 962 3467; x_wconf 83' lang='grc' dir='ltr'><strong><em>τοῦ</em></strong></span> <span class='ocrx_word' id='word_1_244' title='bbox 1006 3396 1195 3487; x_wconf 83' lang='grc' dir='ltr'><strong><em>παρὰ</em></strong></span> <span class='ocrx_word' id='word_1_245' title='bbox 1238 3401 1338 3484; x_wconf 69' lang='grc' dir='ltr'><strong><em>τῷ</em></strong></span> <span class='ocrx_word' id='word_1_246' title='bbox 1376 3399 1654 3491; x_wconf 74' lang='grc' dir='ltr'><strong><em>βασιλεῖ</em></strong></span> <span class='ocrx_word' id='word_1_247' title='bbox 1679 3398 1988 3466; x_wconf 88' lang='grc' dir='ltr'><strong><em>δείπνου·</em></strong></span> <span class='ocrx_word' id='word_1_248' title='bbox 2034 3397 2071 3467; x_wconf 88' lang='lat'><strong><em>5</em></strong></span> <span class='ocrx_word' id='word_1_249' title='bbox 2106 3399 2180 3469; x_wconf 81' lang='grc' dir='ltr'><strong><em>δὲ</em></strong></span> <span class='ocrx_word' id='word_1_250' title='bbox 2202 3394 2575 3484; x_wconf 73' lang='grc' dir='ltr'><strong><em>Ἰδομενεὺς</em></strong></span> 
     </span>
     <span class='ocr_line' id='line_1_32' title="bbox 394 3497 2577 3589; baseline -0.003 -16"><span class='ocrx_word' id='word_1_251' title='bbox 394 3508 512 3573; x_wconf 88' lang='grc' dir='ltr'><strong><em>καὶ</em></strong></span> <span class='ocrx_word' id='word_1_252' title='bbox 569 3499 604 3570; x_wconf 89' lang='lat'><strong><em>5</em></strong></span> <span class='ocrx_word' id='word_1_253' title='bbox 660 3508 944 3589; x_wconf 86' lang='grc' dir='ltr'><strong><em>Νέστωρ</em></strong></span> <span class='ocrx_word' id='word_1_254' title='bbox 1010 3497 1341 3589; x_wconf 81' lang='grc' dir='ltr'><strong><em>ὁσημέραι</em></strong></span> <span class='ocrx_word' id='word_1_255' title='bbox 1407 3501 1880 3567; x_wconf 83' lang='grc' dir='ltr'><strong><em>συνεδείπνουν</em></strong></span> <span class='ocrx_word' id='word_1_256' title='bbox 1946 3503 2045 3587; x_wconf 77' lang='grc' dir='ltr'><strong><em>τῷ</em></strong></span> <span class='ocrx_word' id='word_1_257' title='bbox 2108 3503 2409 3585; x_wconf 83' lang='grc' dir='ltr'><strong><em>βασιλεῖ,</em></strong></span> <span class='ocrx_word' id='word_1_258' title='bbox 2476 3497 2577 3581; x_wconf 79' lang='grc' dir='ltr'><strong><em>ὥς</em></strong></span> 
     </span>
     <span class='ocr_line' id='line_1_33' title="bbox 404 3601 2578 3695; baseline -0.002 -19"><span class='ocrx_word' id='word_1_259' title='bbox 404 3602 608 3685; x_wconf 72' lang='grc' dir='ltr'><strong><em>αὐτός</em></strong></span> <span class='ocrx_word' id='word_1_260' title='bbox 651 3631 848 3695; x_wconf 84' lang='grc' dir='ltr'><strong><em>φημι.</em></strong></span> <span class='ocrx_word' id='word_1_261' title='bbox 922 3607 1207 3689; x_wconf 85' lang='grc' dir='ltr'><strong><em>Νέστωρ</em></strong></span> <span class='ocrx_word' id='word_1_262' title='bbox 1254 3601 1327 3669; x_wconf 82' lang='grc' dir='ltr'><strong><em>δὲ</em></strong></span> <span class='ocrx_word' id='word_1_263' title='bbox 1372 3601 1755 3688; x_wconf 80' lang='grc' dir='ltr'><strong><em>παράσιτός</em></strong></span> <span class='ocrx_word' id='word_1_264' title='bbox 1803 3628 1924 3686; x_wconf 88' lang='grc' dir='ltr'><strong><em>μοι</em></strong></span> <span class='ocrx_word' id='word_1_265' title='bbox 1969 3602 2154 3670; x_wconf 85' lang='grc' dir='ltr'><strong><em>δοκεῖ</em></strong></span> <span class='ocrx_word' id='word_1_266' title='bbox 2191 3606 2327 3671; x_wconf 80' lang='grc' dir='ltr'><strong><em>τῶν</em></strong></span> <span class='ocrx_word' id='word_1_267' title='bbox 2368 3609 2578 3688; x_wconf 83' lang='grc' dir='ltr'><strong><em>βασι-</em></strong></span> 
     </span>
     <span class='ocr_line' id='line_1_34' title="bbox 398 3698 2576 3793; baseline -0.002 -17"><span class='ocrx_word' id='word_1_268' title='bbox 398 3712 572 3777; x_wconf 88' lang='grc' dir='ltr'><strong><em>λέων</em></strong></span> <span class='ocrx_word' id='word_1_269' title='bbox 615 3707 915 3792; x_wconf 75' lang='grc' dir='ltr'><strong><em>μάλιστα</em></strong></span> <span class='ocrx_word' id='word_1_270' title='bbox 957 3709 1257 3791; x_wconf 84' lang='grc' dir='ltr'><strong><em>τεχνίτης</em></strong></span> <span class='ocrx_word' id='word_1_271' title='bbox 1299 3708 1412 3772; x_wconf 90' lang='grc' dir='ltr'><strong><em>καὶ</em></strong></span> <span class='ocrx_word' id='word_1_272' title='bbox 1462 3699 1727 3792; x_wconf 82' lang='grc' dir='ltr'><strong><em>ἆγαθός</em></strong></span> <span class='ocrx_word' id='word_1_273' title='bbox 1767 3709 2120 3791; x_wconf 87' lang='grc' dir='ltr'><strong><em>γενέσθαι·</em></strong></span> <span class='ocrx_word' id='word_1_274' title='bbox 2167 3698 2244 3772; x_wconf 82' lang='grc' dir='ltr'><strong><em>οὗ</em></strong></span> <span class='ocrx_word' id='word_1_275' title='bbox 2287 3705 2417 3793; x_wconf 84' lang='grc' dir='ltr'><strong><em>γὰρ</em></strong></span> <span class='ocrx_word' id='word_1_276' title='bbox 2451 3704 2576 3773; x_wconf 75' lang='grc' dir='ltr'><strong><em>ἐπὶ</em></strong></span> 
     </span>
     <span class='ocr_line' id='line_1_35' title="bbox 400 3801 2576 3896; baseline -0 -19"><span class='ocrx_word' id='word_1_277' title='bbox 400 3813 521 3893; x_wconf 83' lang='grc' dir='ltr'><strong><em>τοῦ</em></strong></span> <span class='ocrx_word' id='word_1_278' title='bbox 578 3802 1076 3896; x_wconf 84' lang='grc' dir='ltr'><strong><em>Ἀγαμέμνονος</em></strong></span> <span class='ocrx_word' id='word_1_279' title='bbox 1141 3801 1488 3891; x_wconf 70' lang='grc' dir='ltr'><strong><em>ἄρξασθαι</em></strong></span> <span class='ocrx_word' id='word_1_280' title='bbox 1543 3809 1663 3895; x_wconf 87' lang='grc' dir='ltr'><strong><em>τῆς</em></strong></span> <span class='ocrx_word' id='word_1_281' title='bbox 1726 3812 1988 3893; x_wconf 80' lang='grc' dir='ltr'><strong><em>τέχνης,</em></strong></span> <span class='ocrx_word' id='word_1_282' title='bbox 2058 3801 2229 3873; x_wconf 73' lang='grc' dir='ltr'><strong><em>ἀλλὰ</em></strong></span> <span class='ocrx_word' id='word_1_283' title='bbox 2298 3802 2576 3876; x_wconf 70' lang='grc' dir='ltr'><strong><em>ἄνωθεν</em></strong></span> 
     </span>
     <span class='ocr_line' id='line_1_36' title="bbox 397 3899 2581 3987; baseline -0 -8"><span class='ocrx_word' id='word_1_284' title='bbox 397 3911 522 3979; x_wconf 73' lang='grc' dir='ltr'><strong><em>ἐπὶ</em></strong></span> <span class='ocrx_word' id='word_1_285' title='bbox 565 3914 872 3987; x_wconf 84' lang='grc' dir='ltr'><strong><em>Καινέως</em></strong></span> <span class='ocrx_word' id='word_1_286' title='bbox 928 3911 1043 3976; x_wconf 87' lang='grc' dir='ltr'><strong><em>καὶ</em></strong></span> <span class='ocrx_word' id='word_1_287' title='bbox 1078 3902 1408 3987; x_wconf 82' lang='grc' dir='ltr'><strong><em>Ἐξαδίου·</em></strong></span> <span class='ocrx_word' id='word_1_288' title='bbox 1470 3909 1652 3977; x_wconf 87' lang='grc' dir='ltr'><strong><em>δοκεῖ</em></strong></span> <span class='ocrx_word' id='word_1_289' title='bbox 1708 3909 1782 3976; x_wconf 82' lang='grc' dir='ltr'><strong><em>δὲ</em></strong></span> <span class='ocrx_word' id='word_1_290' title='bbox 1826 3903 1981 3977; x_wconf 77' lang='grc' dir='ltr'><strong><em>οὐδὲ</em></strong></span> <span class='ocrx_word' id='word_1_291' title='bbox 2028 3899 2111 3977; x_wconf 75' lang='grc' dir='ltr'><strong><em>όῖν</em></strong></span> <span class='ocrx_word' id='word_1_292' title='bbox 2156 3908 2581 3979; x_wconf 83' lang='grc' dir='ltr'><strong><em>παύσασθαι</em></strong></span> 
     </span>
    </p>

    <p class='ocr_par' dir='ltr' id='par_1_7' title="bbox 404 4004 2041 4099">
     <span class='ocr_line' id='line_1_37' title="bbox 404 4004 2041 4099; baseline 0 -19"><span class='ocrx_word' id='word_1_293' title='bbox 404 4008 823 4099; x_wconf 78' lang='grc' dir='ltr'><strong><em>παρασιτῶν,</em></strong></span> <span class='ocrx_word' id='word_1_294' title='bbox 869 4008 931 4076; x_wconf 81' lang='grc' dir='ltr'><strong><em>εἰ</em></strong></span> <span class='ocrx_word' id='word_1_295' title='bbox 973 4008 1061 4098; x_wconf 77' lang='grc' dir='ltr'><strong><em>μὴ</em></strong></span> <span class='ocrx_word' id='word_1_296' title='bbox 1111 4006 1147 4077; x_wconf 90' lang='lat'><strong><em>5</em></strong></span> <span class='ocrx_word' id='word_1_297' title='bbox 1188 4004 1625 4097; x_wconf 85' lang='grc' dir='ltr'><strong><em>Ἀγαμέμνων</em></strong></span> <span class='ocrx_word' id='word_1_298' title='bbox 1672 4005 2041 4080; x_wconf 84' lang='grc' dir='ltr'><strong><em>ἆπέθανεν.</em></strong></span> 
     </span>
    </p>
   </div>
  </div>
 </body>
</html>
