2867 4525
7 3164 43 3206 ΓΕ.

7 3266 41 3289 [Ἀ
64 3252 69 3255 “
118 3242 137 3267 C

9 3295 27 3305 ’ἶ
40 3298 63 3313 “0

9 3316 35 3338 μ’.

7 3354 75 3409 Ξ7,4-.

7 3410 35 3457 1⁶}

9 3454 45 3478 μ’..

7 3485 31 3515 ἕξ

7 3519 59 3543 a...
78 3516 85 3545 '⁴

7 3548 39 3571 ἱ
62 3552 63 3555 ,

7 3573 47 3600 *Gt-e
70 3580 73 3581 ’

7 3598 59 3677 ξ,

7 3668 65 3709 5⁸:⁷⁵⁴*-
86 3678 87 3681 ’

30 3816 89 3845 ,Ὶέι

22 3874 37 3883 „-
52 3864 73 3879 -,
94 3862 97 3865 Δ

7 3896 67 3959 '³5³2

56 4050 79 4067 ‚x

70 4108 83 4121 Ε

72 4146 81 4157 ι

433 271 556 332 138
1323 269 1705 324 ΔΟΥΚΙΔΝΟΥ

427 442 712 528 νόμιμον
753 443 869 509 καὶ
910 439 1029 508 τδν
1071 433 1268 528 ὅρκον
1311 438 1430 507 τὸν
1475 437 1857 510 δικαστικὸν
1888 445 2058 529 φαίη
2104 464 2211 520 τις
2255 431 2339 508 ἀν
2380 447 2601 528 γίγνεφ

428 549 603 612 σθαι
644 542 767 623 τὰς
813 541 1151 628 διαβολάς.
1232 540 1294 609 εἰ
1340 542 1415 609 δέ
1456 568 1553 629 τῳ
1596 543 1687 633 μὴ
1733 537 2128 621 ἀξιόπιστοι
2173 543 2486 612 δοκοῦσιν
2530 545 2598 613 οἱ

427 651 801 731 νομοθέται
843 646 1328 731 παραινοῦντες
1372 636 1548 711 οὕτω
1595 644 1860 724 δικαίας
1901 644 2014 711 καὶ
2058 637 2329 730 ἀμερεῖς
2374 659 2601 715 ποιεῖ-

427 754 603 817 σθαι
645 745 768 826 τὰς
810 752 1079 834 κρίσεις,
1123 745 1413 834 ποιητήν
1456 770 1577 831 μοι
1620 745 1794 813 δοκῶ
1832 744 1952 813 τὸν
1996 741 2270 831 ἄριστον
2316 745 2595 834 ἐπάγειν
2620 762 2709 813 137

426 853 524 937 τῷ
569 849 744 936 λόγῳ
789 834 859 916 εὖ
904 847 1088 932 μάλα
1131 849 1291 932 περὶ
1327 846 1584 916 τούτων
1631 841 2173 936 ἀποφηνάμενον,
2218 850 2475 932 μᾶλλον
2522 850 2593 918 δὲ

430 951 1002 1041 νομοθετήσαντα.
1092 953 1263 1038 φησὶ
1309 950 1400 1031 δέ,

588 1052 756 1143 μήτε
802 1053 993 1141 δίκην
1037 1050 1335 1140 δικάσῃς,
1380 1053 1545 1136 πρὶν
1589 1047 1802 1174 ἄμφω
1845 1053 2071 1134 μῦθον
2117 1044 2423 1141 ἀκούσῃς.

423 1150 764 1246 ἠπίστατο
807 1153 964 1241 γάρ,
1012 1150 1231 1238 οἶμαι,
1275 1155 1389 1221 καὶ
1434 1148 1630 1232 οὗτος
1674 1149 1767 1231 ὥς
1812 1148 2171 1220 πολλῶν”
2128 1178 2341 1222 οντων
2386 1153 2456 1223 ἒν
2497 1159 2597 1244 τῷ

424 1263 556 1344 βίῳ
602 1251 1028 1345 ἀδικημάτων
1081 1250 1272 1323 οὐδὲν
1332 1249 1415 1322 ἀ’ν
1470 1280 1576 1334 τις
1620 1247 1804 1341 εύροι
1854 1267 2077 1340 χεῖρον
2134 1247 2290 1323 οῦδὲ
2348 1249 2597 1325 ἀδικω-

425 1385 618 1447 τερον
674 1349 717 1446 ἢ
774 1353 1083 1445 ἀκρίτους
1146 1355 1338 1436 τινὰς
1401 1358 1513 1424 καὶ
1580 1350 1904 1441 ἀμοίρους
1968 1355 2181 1441 λόγων
2240 1359 2597 1427 καταδεδι-

426 1462 712 1531 κάσθαι·
769 1485 939 1547 οπερ
996 1456 1071 1539 ἐξ
1126 1481 1427 1536 απαντος
1480 1453 1516 1525 o‘
1566 1457 1948 1543 διαβάλλων
1980 1456 2326 1580 *ἐπιχειρεῖ
2367 1475 2597 1530 ποιεῖν

428 1589 698 1651 ακριτον
742 1560 1020 1649 ὑπάγων
1062 1561 1181 1629 τὸν
1214 1557 1741 1643 διαβαλλόμενον
1768 1561 1855 1648 τῇ
1890 1561 2011 1627 τοῦ
2040 1553 2400 1641 ἀκούοντος
2429 1557 2597 1654 ἀργῇ

426 1667 539 1734 καὶ
593 1665 714 1755 τὴν
768 1659 1143 1752 ἀπολογίαν
1199 1665 1298 1750 τῷ
1343 1664 1661 1750 λαθραίῳ
1714 1665 1832 1751 τῆς
1887 1669 2286 1751 κατηγορίας
2340 1689 2599 1752 παραι-

357 1787 395 1842 9
432 1762 766 1855 ρούμενος.
857 1772 916 1833 9.
960 1769 1074 1834 καὶ
1123 1762 1250 1851 γὰρ
1297 1759 1847 1853 ἀπαρρησίαστος
1901 1766 2014 1832 καὶ
2059 1764 2280 1844 δειλὸς
2325 1765 2511 1846 ἅπας
2553 1764 2589 1835 ὁ
2620 1784 2707 1835 138

427 1873 733 1948 τοιοῦτος
775 1864 1148 1952 ἅνθρωπος
1179 1860 1371 1933 οῦδὲν
1402 1866 1471 1944 ἐς
1499 1859 1880 1954 τούμφανὲς
1917 1860 2115 1951 ἄγων,
2162 1860 2309 1934 ἀλλ’
2362 1862 2596 1956 ὥσπερ

430 1971 495 2038 οἱ
541 1971 859 2054 λοχῶντες
917 1964 991 2049 ἐξ
1043 1964 1346 2055 ἀφανοῦς
1402 1973 1629 2035 ποθεν
1679 1968 1996 2052 τοξεύων,
2056 1965 2150 2047 ὥς
2191 1969 2361 2059 μηδὲ
2407 1970 2596 2041 ἀντι·

425 2072 773 2152 τάξασθαι
826 2069 1112 2140 δυνατὸν
1168 2066 1342 2138 εἶναι
1396 2070 1567 2159 μηδὲ
1626 2064 2255 2157 ἀνταγωνίσασθαι,
2310 2067 2462 2139 ἀλλ’
2523 2073 2597 2142 ἐν

428 2169 690 2264 ἀπορίᾳ
717 2177 830 2242 καὶ
862 2167 1100 2261 ἀγνοίᾳ
1128 2175 1247 2239 τοῦ
1276 2174 1581 2258 πολέμου
1613 2172 2173 2263 διαφθείρεσθαι,
2210 2172 2250 2241 ὃ
2280 2175 2595 2260 μέγιστόν

427 2276 573 2344 ἐστι
633 2289 908 2364 σημεῖον
960 2278 1080 2342 τοῦ
1137 2274 1340 2364 μηδὲν
1382 2271 1563 2361 ὑγιὲς
1619 2274 1776 2354 τοὺς
1827 2276 2314 2362 διαβάλλοντας
2359 2277 2590 2363 λέγειν.

427 2377 579 2445 ἐπεὶ
625 2377 691 2444 εἴ
727 2383 833 2455 τίς
871 2400 947 2463 γε
988 2371 1257 2467 τάληθῆ
1300 2381 1774 2466 κατηγοροῦντι
1822 2377 2037 2465 ἑαυτῷ
2082 2384 2588 2463 συνεπίσταται,

427 2472 641 2561 οὗτος,
688 2474 899 2563 οἶμαι,
943 2481 1057 2547 καὶ
1101 2474 1170 2558 ἐς
1211 2477 1289 2546 τὸ
1324 2477 1616 2567 φανερὸν
1646 2478 1893 2566 ἐλέγχει
1934 2482 2046 2547 καὶ
2092 2480 2436 2549 διευθύνει
2478 2484 2590 2550 καὶ

426 2574 840 2663 ἀντεξετάζει
875 2584 974 2668 τῷ
1019 2582 1215 2670 λόγῳ,
1261 2580 1493 2670 ὥσπερ
1525 2575 1746 2660 οὖδεὶς
1791 2572 1871 2649 ἀν
1917 2580 1988 2649 ἐκ
2028 2585 2151 2651 τοῦ
2192 2586 2592 2671 προφανοῦς

425 2686 612 2752 νικᾶν
665 2682 1027 2766 δυνάμενος
1078 2682 1313 2773 ἐνέδρᾳ
1366 2683 1537 2752 ποτὲ
1587 2686 1703 2751 καὶ
1758 2676 1986 2772 ἀπάτῃ
2034 2684 2359 2773 χρήσαιτο
2415 2685 2587 2753 κατὰ

319 2806 393 2862 10
426 2789 562 2854 τῶν
606 2788 973 2872 πολεμίων.
1051 2792 1150 2855 10.
1194 2788 1333 2855 ἰ’δοι
1364 2786 1428 2852 δ’
1479 2780 1561 2853 ἀν
1602 2810 1708 2865 τις
1736 2785 1891 2864 τοὺς
1917 2786 2266 2866 τοιούτους
2293 2788 2589 2873 μάλιστα

425 2887 495 2956 ἕν
537 2912 612 2955 τε
664 2890 1000 2973 βασιλέων
1061 2882 1297 2967 αὐλαῖς
1351 2890 1463 2955 καὶ
1509 2889 1667 2972 περὶ
1723 2887 1847 2965 τὰς
1900 2891 2035 2956 τῶν
2080 2881 2415 2977 ἀρχόντων
2470 2893 2584 2958 καὶ
2610 2912 2703 2963 139

425 2989 957 3057 δυναστευόντων
1015 2992 1250 3077 φιλίας
1294 2987 1804 3073 εὐδοκιμοῦντας
1816 3040 1836 3071 ,
1896 2989 2070 3057 ἔνθα
2125 2990 2341 3069 πολὺς
2382 2993 2505 3077 μὲν
2550 2989 2587 3061 ὃ

425 3089 711 3178 φθόνος,
752 3096 989 3175 μυρίαι
1034 3089 1108 3157 δὲ
1136 3087 1476 3172 ὑπόνοιαι,
1521 3084 1925 3174 πάμπολλαι
1958 3092 2032 3159 δὲ
2072 3095 2435 3162 κολακειῶν
2475 3097 2590 3162 καὶ

425 3193 760 3277 διαβολῶν
803 3187 1200 3271 ὑποθέσεις·
1255 3217 1435 3261 οπου
1478 3191 1604 3279 γὰρ
1652 3186 1757 3260 ἀεὶ
1815 3193 2079 3279 μείζους
2124 3193 2396 3275 ἐλπίδες
2406 3247 2426 3278 ,
2484 3194 2594 3263 ἒν-

418 3297 650 3363 ταῦθα
691 3295 803 3363 καὶ
852 3294 919 3362 οἱ
955 3288 1215 3383 φθόνοι
1238 3296 1700 3380 χαλεπώτεροι
1726 3299 1840 3364 καὶ
1867 3296 1953 3364 τὰ
1996 3302 2162 3385 μίση
2209 3296 2589 3418 ἐπισφαλέ-

421 3420 623 3485 στερα
686 3397 799 3464 καὶ
868 3395 940 3463 αἱ
998 3395 1393 3484 ζηλοτυπίαι
1455 3402 2055 3486 κακοτεχνέστεραι.
2154 3398 2408 3479 πάντες
2470 3424 2590 3468 ουν
2707 3426 2712 3431 ·

419 3492 746 3587 ἀλλήλους
787 3493 906 3577 ὀξὺ
953 3498 1305 3584 δεδόρκασι
1347 3502 1462 3567 καὶ
1492 3495 1724 3584 ὥσπερ
1755 3501 1822 3568 οι
1856 3505 2390 3586 μονομαχοῦντες
2431 3500 2591 3571 ἐπι-

415 3604 730 3690 τηροῦσιν
762 3599 829 3667 εἰ’
847 3599 983 3667 πού
1011 3626 1082 3668 τι
1102 3603 1457 3688 γυμνωθὲν
1478 3606 1680 3687 μέρος
1699 3601 2075 3670 θεάσαιντο
2097 3606 2219 3671 τοῦ
2242 3603 2587 3689 σώματος·

414 3703 530 3769 καὶ
572 3705 843 3789 πρῶτος
896 3696 1100 3782 αὐτὸς
1153 3703 1427 3783 ἕκαστος
1471 3700 1647 3771 εἶναι
1699 3704 2106 3791 βουλόμενος
2149 3711 2591 3793 παρωθεῖται

414 3805 527 3872 καὶ
571 3805 1145 3889 παραγκωνίζεται
1203 3806 1320 3875 τὸν
1378 3807 1669 3894 πλησίον
1713 3809 1827 3874 καὶ
1879 3805 1999 3875 τὸν
2042 3806 2176 3895 πρὸ
2227 3803 2464 3891 αὑτοῦ,
2526 3809 2592 3876 εἰ

415 3903 719 3986 δύναιτο,
782 3901 1065 3997 ὑποσπᾷ
1105 3912 1219 3977 καὶ
1261 3904 1705 3989 ὑποσκελίζει.
1794 3907 1969 3976 ἔνθα
2025 3906 2060 3976 ὅ
2120 3911 2242 3996 μὲν
2294 3910 2592 3998 χρηστὸς

415 4001 702 4090 ἀτεχνῶς
768 3999 974 4085 εὗθὺς
1031 4005 1532 4096 ἀνατέτραπται
1585 4011 1710 4077 καὶ.
1762 4017 2271 4099 παρασέσυρται
2327 4014 2438 4080 καὶ
2497 4012 2578 4081 τὸ
2609 4027 2696 4078 140
