2867 4525
1116 299 1565 355 ΦιΛοΨΕΥΔΗΣ.
2335 300 2414 357 85

253 472 590 559 πρότερον
632 474 767 537 τῶν
814 470 1026 556 λόγων
1069 474 1183 538 καὶ
1227 466 1302 537 τὸ
1355 470 1751 538 δείκνυσθαι
1778 472 1875 555 τῷ
1923 463 2222 557 δακτύλῳ
2266 473 2423 537 τοῦ-

253 599 379 641 τον
427 573 669 640 ἐκεῖνον
713 572 830 640 τὸν
887 569 1255 658 ἀκρότατον
1302 570 1369 639 ἐν
1421 571 1607 660 πάσῃ
1661 578 1860 661 κακίᾳ
1905 573 2288 657 λεγόμενον,
2344 568 2421 637 οὐ

171 674 500 763 28μικρόν
546 671 720 742 εἶναί
746 700 867 759 μοι
911 675 1107 742 δοκεῖ.
1180 668 1391 740 ταῦτά
1439 698 1550 742 σοι
1594 677 1924 760 παραινῶ,
1974 672 2048 762 νὴ
2088 672 2209 761 τὴν
2253 672 2424 739 πάν-

254 778 490 897 δημόν,
521 776 695 843 πολὺ
718 774 1052 863 πρότερον
1077 775 1344 863 ἐμαυτῷ
1369 780 1788 862 παραινέσας
1809 778 1920 843 καὶ
1939 775 2137 863 χάριν
2161 774 2424 862 ἐμαυτῷ

255 872 338 945 οὗ
384 877 627 964 μικρὰν
675 877 1252 963 ἐπισπασάμενος.

429 985 532 1047 26.
580 975 768 1046 Εἶεν·
827 976 861 1049 ὃ
908 981 1029 1065 μὲν
1071 981 1391 1068 γεννάδας
1435 978 1647 1046 εἰπών
1701 983 1914 1046 ταῦτα
1956 980 2415 1047 πεπαύσεται·

255 1081 340 1148 σὺ
403 1081 475 1149 δὲ
532 1071 612 1169 ἢν
655 1086 957 1170 πεισθῇς
998 1098 1142 1161 τοῖς
1188 1083 1592 1173 εἰρημένοις,
1644 1085 1758 1149 καὶ
1819 1080 1898 1171 δὴ
1945 1095 2267 1168 παρεῖναι
2310 1082 2424 1148 νό-

253 1184 413 1267 μιζε
457 1183 653 1270 οἷπερ
699 1183 773 1263 ἐξ
814 1177 1015 1269 ἀρχῆς
1046 1184 1331 1264 ἐπόθεις
1362 1184 1609 1261 ἐλθεῖν,
1653 1186 1766 1251 καὶ
1798 1178 1990 1251 οὐδέν
2023 1207 2098 1251 σε
2141 1184 2424 1252 κωλύσει

256 1285 594 1370 ἑπόμενον
639 1289 783 1363 τοῖς
829 1285 1061 1371 νόμοις
1106 1286 1175 1352 ἔν
1222 1312 1294 1353 τε
1332 1301 1475 1364 τοῖς
1507 1286 1961 1376 δικαστηρίοις
2004 1300 2269 1373 κρατεῖν
2311 1291 2421 1354 καὶ

257 1387 332 1455 ἓν
361 1402 506 1467 τοῖς
536 1387 875 1478 πλήθεσιν
908 1381 1277 1472 εὐδοκιμεῖν
1308 1391 1419 1455 καὶ
1450 1389 1821 1473 ἐπέραστον
1853 1385 2025 1456 εἶναι
2048 1393 2159 1456 καὶ
2188 1402 2423 1476 γαμεῖν

257 1488 340 1557 οὗ
386 1494 592 1578 γραῦν
646 1516 799 1557 τινα
852 1494 986 1556 τῶν
1028 1494 1366 1574 κωμικῶν,
1421 1491 1742 1577 καθάπερ
1799 1487 1834 1558 ὃ
1891 1496 2268 1578 νομοθέτης
2311 1494 2423 1558 καὶ

260 1591 688 1673 διδάσκαλος,
735 1586 905 1658 ἀλλὰ
935 1594 1290 1681 καλλίστην
1319 1607 1597 1679 γυναῖκα
1626 1592 1746 1682 τὴν
1770 1589 2162 1681 Ῥητορικήν,
2210 1589 2302 1670 (ὗς
2343 1591 2418 1658 τὸ

256 1698 382 1762 τοῦ
426 1694 795 1772 Πλάτωνος
850 1694 1057 1762 ἐκεῖνο
1116 1694 1370 1785 πτηνὸν
1429 1695 1611 1781 όῖρμα
1669 1694 2028 1763 ἐλαύνοντα
2087 1699 2425 1783 φέρεσθαι

261 1802 376 1866 σοὶ
432 1799 686 1882 μᾶλλον
738 1802 1027 1884 πρέπειν
1088 1799 1247 1882 περὶ
1304 1800 1589 1863 σεαυτοῦ
1642 1797 1859 1865 εἰπεῖν
1904 1787 1946 1883 ἢ
1992 1796 2219 1883 ἐκείνῳ
2264 1798 2422 1882 περὶ

259 1905 385 1968 τοῦ
414 1900 617 1979 Διός·
664 1898 791 1986 ἐγώ
837 1900 909 1966 δὲ
941 1937 1023 1947 -—
1057 1895 1330 1988 ἀγεννὴς
1357 1896 1484 1985 γὰρ
1514 1902 1629 1966 καὶ
1660 1899 1880 1978 δειλός
1911 1899 2054 1985 εἰμι
2077 1937 2163 1946 -
2193 1897 2423 1984 ἐκστή-

264 2028 477 2089 σομαι
531 2007 649 2092 τῆς
705 1999 866 2069 ὁδοῦ
910 1997 1064 2086 ὑμῖν
1109 2004 1220 2066 καὶ
1279 2001 1634 2086 παύσομαι
1688 2005 1771 2090 τῇ
1815 2003 2129 2091 ῥητορικῇ
2174 2000 2423 2067 ἐπιπο-

263 2105 504 2186 λάζων,
551 2101 930 2189 ἀσύμβολος
972 2093 1067 2169 ὢν
1114 2101 1287 2189 πρὸς
1324 2102 1532 2193 αὐτὴν
1575 2103 1661 2170 τὰ
1689 2100 2007 2191 ὖμέτερα·
2050 2105 2305 2188 μᾶλλον
2351 2104 2424 2168 δὲ

262 2202 392 2297 ἤδη
424 2211 803 2291 πέπαυμαι.
865 2198 1036 2273 ὥστε
1071 2198 1326 2273 ἀκονιτὶ
1373 2201 1910 2296 ἀνακηρύττεσθε
1938 2210 2048 2274 καὶ
2079 2205 2423 2292 θαυμάζε-

266 2316 406 2377 σθε
431 2309 636 2395 μόνον
667 2313 864 2376 τοῦτο
895 2314 1319 2397 μεμνημένοι,
1367 2302 1475 2378 ὅτι
1504 2310 1591 2396 μὴ
1624 2314 1721 2397 τῴ
1750 2310 1935 2393 τάχει
1967 2307 2152 2394 ῦμιῦν
2192 2335 2423 2392 κεκρα-

261 2410 506 2501 τήκατε
563 2404 879 2498 ὠκύτεροι
937 2417 1286 2500 φανέντες,
1349 2405 1518 2478 ἀλλὰ
1572 2416 1671 2499 τῴ
1730 2411 1978 2501 ῥᾴστην
2035 2416 2147 2481 καὶ
2202 2416 2424 2500 πρανῆ

263 2517 664 2598 τραπέσθαι
708 2513 827 2602 τὴν
874 2509 1053 2581 ὁδόν.

1137 2655 1547 2662 *—

183 2882 247 2932 29
651 2854 752 2933 ¹1³1
763 2853 1374 2935 ΛΟΨΕῩΔΗΣ
1416 2873 1475 2925 Η
1522 2849 2040 2934 ΑΠΙΣΤῼΝ.

443 3030 497 3089 1.
551 3027 1068 3092 ΤΥΧΙΑΔΗΣ.
1120 3018 1330 3107 Ἔχεις
1372 3049 1519 3107 μοι,
1573 3009 1629 3088 ὦ
1677 3023 2047 3101 Φιλόκλεις,
2096 3021 2313 3089 εἰπεῖν
2357 3027 2425 3089 τί

267 3148 438 3192 ποτε
486 3119 615 3209 ἄρα
658 3125 855 3194 τοῦτό
903 3125 1084 3194 ἐστιν
1130 3125 1166 3193 ὃ
1204 3124 1358 3204 τοὺς
1403 3124 1696 3203 πολλοὺς
1743 3124 1839 3203 εἰς
1885 3124 2262 3209 ἐπιθυμίαν
2304 3128 2424 3192 τοῦ

264 3227 655 3313 ψεύδεσθαι
698 3228 1095 3316 προάγεται,
1156 3225 1247 3308 ὥς
1294 3223 1533 3306 αὐτούς
1575 3253 1649 3294 τε
1694 3234 1953 3315 χαίρειν
1996 3228 2203 3316 μηδὲν
2249 3223 2427 3315 ὗγιὲς

268 3331 581 3416 λέγοντας
608 3332 719 3397 καὶ
762 3344 907 3409 τοῖς
935 3331 1019 3397 τὰ
1050 3334 1328 3398 τοιαῦτα
1374 3328 1699 3408 διεξιοῦσι
1730 3330 2027 3414 μάλιστα
2071 3334 2426 3416 προσέχειν

265 3432 389 3499 τὸν
434 3436 620 3516 νοῦν;

447 3538 984 3602 ΦΙΛΟΚΛΗΣ.
1029 3533 1286 3616 Πολλά,
1333 3519 1386 3598 ὦ
1440 3533 1748 3624 Τυχιάδη,
1796 3533 1975 3600 ἐστὶν
2022 3531 2064 3598 ἃ
2108 3531 2265 3611 τοὺς
2310 3526 2425 3598 ἀν-

268 3635 600 3726 θρώπους
644 3636 859 3716 ἐνίους
914 3631 1260 3723 ἀναγκάζει
1305 3635 1389 3702 τὰ
1438 3636 1655 3724 ψευδῆ
1707 3636 1917 3722 λέγειν
1965 3633 2030 3712 ἐς
2073 3632 2149 3699 τὸ
2191 3632 2425 3722 χρήσι-

267 3762 396 3821 μον
444 3731 977 3822 ἀποβλέποντας.

451 3847 659 3907 TYX.
738 3835 946 3909 Οὐδὲν
977 3841 1151 3930 πρὸς
1181 3841 1345 3918 ἔπος
1373 3843 1606 3921 ταῦτα,
1639 3844 1867 3927 φασίν,
1901 3831 2053 3904 οὐδὲ
2083 3839 2243 3923 περὶ
2273 3836 2425 3903 τού-

270 3967 406 4008 των
435 3939 689 4029 ἠρόμην
721 3939 969 4012 όπόσοι
999 3947 1118 4032 τῆς
1143 3950 1371 4031 χρείας
1394 3942 1581 4009 ἕνεκα
1608 3940 2009 4027 ψεύδονται·
2043 3939 2426 4029 συγγνώμης

268 4046 398 4133 γὰρ
445 4040 635 4113 οὗτοί
683 4071 783 4132 γε,
842 4048 1097 4130 μᾶλλον
1144 4046 1215 4114 δὲ
1258 4049 1369 4114 καὶ
1417 4044 1698 4112 ἐπαίνου
1741 4044 1917 4121 τινὲς
1962 4038 2179 4110 αὐτῶν
2226 4038 2424 4120 ἄξιοι,

2458 3042 2491 3095 1
