2867 4525
390 278 471 336 28
865 330 868 334 ,
1257 275 1665 339 [ΔΟΥΚΙΑΝΟΥ]

389 471 501 525 νος
548 432 753 524 αὖθις
796 444 987 534 παρὰ
1032 449 1118 535 τῇ
1147 448 1488 531 Καλυψοῖ,
1537 437 1650 513 ὅτε
1688 440 1870 530 αύτῷ
1900 439 2188 530 ὑπῆρχεν
2233 442 2303 510 ἐν
2350 436 2552 531 ἀργίᾳ

389 576 464 617 τε
504 548 834 634 βιοτεύειν
875 551 987 615 καὶ
1031 551 1293 637 τρυφᾶν
1336 550 1451 615 καὶ
1505 552 1717 632 βινεῖν
1761 547 1880 636 τὴν
1915 541 2290 624 ’Ἀτλαντος
2332 551 2550 631 θυγα-

391 658 552 734 τέρα
594 654 707 719 καὶ
751 664 956 719 κινεῖν
1002 650 1233 728 πάσας
1273 649 1398 727 τὰς
1429 652 1615 728 λείας
1657 650 1969 739 κινήσεις,
2017 643 2171 715 οὐδὲ
2212 647 2368 715 τότε
2399 645 2552 716 εἶπε

390 758 591 821 τοῦτο
657 752 734 820 τὸ
794 755 985 830 τέλος
1035 756 1501 839 χαριέστερον,
1564 748 1734 818 ἀλλὰ
1799 751 1917 819 τὸν
1970 754 2104 817 τῶν
2156 758 2556 838 παρασίτων

390 862 564 942 βίον.
653 855 1004 923 ἐκαλοῦντο
1052 854 1125 921 δὲ
1170 853 1565 938 δαιτυμόνες
1609 854 1677 920 οἱ
1723 852 2100 940 παράσιτοι
2141 852 2316 920 τότε.
2403 857 2557 931 πῶς

395 943 511 1025 οἶν
569 959 782 1043 λέγεις
846 955 1057 1024 πάλιν
1120 955 1247 1043 γὰρ
1315 951 1505 1035 ἀξιον
1563 949 2079 1045 ἀναμνησθῆναι
2133 958 2266 1022 τῶν
2333 953 2554 1021 ἐπῶν·

397 1053 589 1126 οὐδὲν
631 1059 759 1145 γὰρ
806 1057 950 1126 οἷον
996 1052 1258 1127 ἀκούειν
1291 1051 1512 1126 αύτῶν
1543 1056 1872 1136 πολλάκις
1901 1059 2305 1144 λεγομένων·
2368 1058 2556 1140 ,,δαι-

394 1161 676 1246 τυμόνες
716 1159 1092 1249 καθήμενοι
1136 1159 1430 1249 ἕξείης·“
1473 1166 1617 1227 καί·

805 1262 995 1347 παρὰ
1040 1262 1113 1329 δὲ
1157 1261 1486 1351 πλήθωσι
1530 1261 1866 1346 τράπεζαι

656 1371 845 1432 σίτου
889 1367 1001 1431 καὶ
1045 1369 1304 1451 κρειῶν.

297 1477 364 1531 11
404 1476 502 1535 11.
558 1459 596 1534 3
653 1491 728 1552 γε
781 1466 912 1556 μὴν
957 1460 1347 1551 Ἐπίκουρος
1404 1465 1673 1554 σφόδρα
1733 1459 2184 1547 ἀναισχύντως
2225 1459 2562 1552 ὑφελόμε-

397 1594 509 1648 νος
551 1568 628 1637 τὸ
662 1573 780 1658 τῆς
810 1572 1260 1657 παρασιτικῆς
1303 1570 1496 1645 τέλος
1532 1571 1652 1656 τῆς
1693 1560 1841 1634 κατ’
1896 1560 2098 1633 αὐτὸν
2129 1559 2563 1649 εὐδαιμονίας

396 1675 587 1751 τέλος
633 1663 792 1739 αύτὸ
840 1686 1050 1740 ποιεῖ.
1119 1674 1230 1738 καὶ
1274 1670 1385 1738 ὅτι
1424 1667 1642 1755 κλοπὴ
1688 1667 1765 1736 τὸ
1793 1668 2088 1755 πρᾶγμά
2137 1667 2281 1736 ἐστι
2308 1671 2418 1735 καὶ
2454 1662 2562 1734 ού-

400 1775 510 1842 δὲν
562 1767 932 1862 Ἐπικούρῳ
986 1776 1175 1858 μέλει
1231 1771 1308 1840 τὸ
1355 1768 1515 1862 ῆδύ,
1577 1765 1748 1837 ἀλλὰ
1806 1774 1906 1857 τῷ
1963 1777 2341 1856 παρασίτῳ,
2388 1762 2563 1835 οὕτω

399 1877 659 1960 μάθοις
704 1872 803 1943 ἄν.
894 1876 1096 1961 ἔγωγε
1149 1872 1441 1962 ἡγοῦμαι
1496 1873 1572 1942 τὸ
1635 1869 1761 1962 ῆδύ
1816 1876 2089 1960 πρῶτον
2143 1873 2265 1958 μὲν
2320 1870 2398 1939 τὸ
2444 1875 2565 1959 τῆς

402 1975 647 2064 σαρκὸς
692 1969 1033 2065 ἀόχλητον,
1082 1977 1320 2044 ἔπειτα
1363 1975 1439 2043 τὸ
1487 1975 1578 2063 μὴ
1624 1974 1927 2062 θορύβου
1971 1976 2082 2041 καὶ
2123 1977 2414 2063 ταραχῆς
2443 1972 2566 2059 τὴν

1925 2073 1946 2098 t

403 2077 620 2166 ψυχὴν
681 2078 1194 2166 ἐμπεπλῆσθαι.
1308 2076 1563 2145 τούτων
1627 2083 1852 2145 τοίνυν
1912 2104 1946 2144 ο
2006 2078 2128 2162 μὲν
2185 2076 2566 2164 παράσιτος

403 2173 755 2265 ἑκατέρων
793 2181 1126 2268 τυγχάνει,
1194 2176 1229 2247 ὅ
1305 2179 1378 2246 δὲ
1425 2172 1816 2268 Ἐπίκουρος
1871 2173 2022 2246 οὐδὲ
2089 2184 2419 2266 θατέρου·
2520 2175 2676 2245 5849

402 2285 528 2374 γὰρ
585 2285 794 2374 ζητῶν
852 2286 1008 2369 περὶ
1065 2282 1402 2371 σχήματος
1443 2287 1564 2370 γῆς
1619 2285 1732 2350 καὶ
1775 2283 2044 2367 κόσμων
2092 2276 2410 2370 ἀπειρίας
2451 2284 2567 2348 καὶ

404 2392 734 2476 μεγέθους
778 2382 971 2474 ἡλίου
1015 2389 1128 2454 καὶ
1175 2378 1677 2473 ἀποστημάτων
1724 2390 1837 2454 καὶ
1881 2389 2173 2468 πρώτων
2219 2391 2569 2469 στοιχείων

404 2494 516 2558 καὶ
562 2491 721 2575 περὶ
767 2491 984 2570 θεῶν,
1044 2487 1181 2554 ε’ίτε
1234 2488 1406 2555 εἰσὶν
1463 2489 1601 2555 εἴτε
1646 2487 1761 2557 οὐκ
1806 2489 1959 2571 εἰσί,
2000 2493 2109 2556 καὶ
2155 2491 2314 2575 περὶ
2361 2481 2570 2554 αὐτοῦ

406 2596 525 2660 τοῦ
567 2595 800 2670 τέλους
851 2587 955 2658 ἀεὶ
1001 2592 1321 2674 πολεμῶν
1364 2593 1478 2658 καὶ
1523 2592 2009 2680 διαφερόμενος
2053 2590 2229 2676 πρός
2271 2613 2459 2667 τινας
2490 2582 2568 2654 ού

405 2696 612 2780 μόνον
658 2695 726 2762 ἐν
773 2688 1269 2778 ἀνθρωπίναις,
1317 2686 1488 2760 ἀλλὰ
1533 2696 1646 2760 καὶ
1690 2693 1760 2760 ἐν
1802 2708 2153 2778 κοσμικαῖς
2196 2692 2379 2760 ἐστιν
2423 2691 2571 2758 ἐνο-

401 2792 735 2924 χλήσεσιν.
826 2796 997 2863 οδε
1049 2789 1431 2880 παράσιτος
1485 2794 1712 2862 πάντα
1763 2799 1983 2875 καλῶς
2040 2795 2210 2879 εχειν
2262 2794 2573 2878 οἰόμενος

405 2904 516 2968 καὶ
562 2897 1030 2976 πεπιστευκώς
1083 2896 1174 2985 μὴ
1234 2894 1457 2976 α’λλως
1513 2901 1726 2964 ταῦτα
1783 2897 1952 2981 ε’χειν
2011 2922 2283 2981 αμεινον
2328 2886 2370 2983 ἢ
2415 2895 2570 2979 ἔχει,

405 2999 576 3086 μετὰ
623 3001 878 3087 πολλῆς
923 2994 1155 3075 ἀδείας
1198 3001 1310 3065 καὶ
1352 3000 1672 3088 γαλήνης,
1719 2994 1989 3077 οὐδενὸς
2036 2996 2218 3085 αὐτῷ
2259 2998 2572 3066 τοιούτου

409 3103 998 3189 παρενοχλοῦντος,
1048 3098 1270 3169 ἐσθίει
1315 3104 1426 3168 καὶ
1462 3106 1782 3186 κοιμᾶται
1818 3094 2060 3179 ῧπτιος
2092 3098 2387 3191 ἀφεικώς
2415 3098 2574 3178 τοὺς

409 3203 635 3281 πόδας
676 3205 793 3269 καὶ
836 3199 958 3279 τὰς
997 3215 1223 3289 χεῖρας
1277 3201 1507 3292 ὥσπερ
1544 3200 1901 3281 Ὀδυσσεὺς
1947 3198 2085 3270 ἀπὸ
2131 3208 2250 3293 τῆς
2294 3209 2573 3287 Σχερίας

321 3314 391 3369 12
411 3300 781 3372 ἀποπλέων
839 3304 1087 3371 οἴκαδε.
1184 3312 1277 3372 12.
1321 3309 1434 3373 καὶ
1493 3305 1624 3395 μὴν
1683 3300 1824 3389 οὐχὶ
1884 3306 2055 3374 κατὰ
2108 3311 2323 3373 ταῦτα
2364 3305 2574 3390 μόνον

410 3404 600 3476 οὐδὲν
644 3408 972 3496 προσήκει
1015 3405 1092 3474 τὸ
1141 3403 1264 3496 ἡδυ
1294 3412 1393 3494 τῷ
1428 3403 1818 3496 Ἐπικούρῳ,
1867 3407 2038 3475 ἀλλὰ
2068 3413 2179 3476 καὶ
2209 3401 2358 3475 κατ’
2414 3406 2574 3474 ἐκεῖ·

410 3539 509 3579 να.
600 3506 635 3579 ὃ
680 3509 807 3598 γὰρ
845 3505 1237 3638 Ἐπίκουρος
1293 3535 1517 3594 ουτος,
1578 3502 1767 3589 όστις
1810 3517 1982 3578 ποτέ
2026 3511 2208 3578 ἐστιν
2251 3505 2286 3577 ὖ
2338 3509 2573 3597 σοφός,

410 3608 561 3702 ήτοι
606 3626 846 3701 φαγεῖν
891 3612 1026 3696 εχει
1071 3638 1109 3700 η
1159 3607 1269 3678 ού·
1349 3612 1408 3679 εἷ
1452 3613 1572 3697 μὲν
1620 3639 1737 3680 ουκ
1781 3613 1932 3696 έχει,
1978 3637 2094 3695 ουχ
2140 3604 2332 3689 όπως
2360 3607 2575 3701 ἡδέως

409 3715 708 3804 ζήσεται,
772 3708 925 3780 ἀλλλ
974 3710 1129 3781 οὐδὲ
1176 3712 1478 3803 ζήσεται·
1571 3714 1632 3781 εἰ
1688 3716 1826 3782 δὲ’
1806 3714 1958 3798 ε’χει,
2013 3714 2149 3782 ε’ίτε
2191 3707 2365 3802 παρ’
2419 3712 2575 3780 ἑαυ-

406 3820 527 3884 τοῦ
573 3817 709 3882 ε’ίτε
753 3810 921 3901 παρ’
976 3811 1210 3883 ἀλλου·
1292 3815 1351 3882 εἰ
1403 3816 1527 3900 μὲν
1577 3842 1690 3883 ουν
1733 3811 1905 3902 παρ’
1959 3812 2163 3883 αλλου
2208 3814 2285 3882 τὸ
2333 3828 2575 3904 φαγεῖν

410 3917 563 4002 ἔχει,
608 3917 990 4004 παράσιτός
1036 3917 1180 3984 ἐστι
1231 3922 1341 3986 καὶ
1390 3913 1509 4003 ούχ
1564 3917 1639 3997 ὃς
1684 3921 1893 4004 λέγει·
1984 3918 2045 3985 εἰ
2089 3918 2161 3984 δὲ
2205 3911 2370 4003 παρ’
2424 3915 2684 3983 §av-850

406 4023 547 4101 τοῦ,
595 4012 710 4101 ούχ
754 4015 966 4106 ῆδέως
1011 4019 1297 4106 ζήσεται.
2315 4022 2332 4031 ‘
