2867 4525
1140 269 1589 324 ΦΙΔΟΨΕΥΔΗΣ.
2327 271 2447 329 101

290 425 329 527 ἦ
376 431 438 504 δ’
499 437 606 520 ὅς,
663 436 733 504 ἐκ
785 439 1044 505 πολλοῦ
1100 435 1235 505 ῦπό
1285 438 1651 523 δειμάτων,
1712 439 1773 507 εἰ
1830 440 1904 507 δέ
1953 467 2060 521 τις
2103 439 2447 529 οἰκήσειεν,

291 535 494 619 εῦθῦς
552 539 902 628 ἐκπλαγεὶς
953 540 1225 664 ε’φευγεν
1285 539 1676 624 ἐκδιωχθεὶς
1727 539 1861 609 ὗπό
1917 567 2098 621 τινος
2157 549 2448 669 φοβεροῦ

288 646 398 711 καὶ
452 642 882 730 ταραχώδους
938 643 1314 733 φάσματος.
1415 648 1822 712 συνέπιπτεν
1889 630 2005 712 οῦν
2058 641 2181 734 ἤδη
2238 648 2350 712 καὶ
2406 641 2446 734 ἡ

290 750 481 835 στέγη
525 750 848 831 κατέρρει,
894 747 1006 812 καὶ
1036 743 1208 824 όλως
1239 733 1533 870 οὖδεὶςντ
1490 773 1569 832 ην
1597 743 1633 813 ὃ
1668 746 2033 869 θαρρήσων
2075 750 2448 830 παρελθεῖν

285 846 382 926 εἰς
426 845 650 933 αὐτήν.
727 845 852 934 εγὼ
885 847 958 914 δὲ
1003 846 1155 916 ἐπεὶ
1192 852 1407 916 ταῦτα
1438 844 1711 935 ἤκουσα,
1755 847 1879 928 τὰς
1905 851 2181 977 βίβλους
2226 848 2447 934 λαβων

282 989 368 998 —
397 948 532 1016 εἰσὶ
564 949 639 1015 δέ
680 974 801 1034 μοι
829 949 1215 1034 Αἰγύπτιαι
1258 949 1443 1035 μάλα
1488 952 1737 1018 πολλαὶ
1774 954 1934 1035 περὶ
1963 977 2095 1019 των
2124 945 2449 1019 τοιούτων

281 1090 369 1099 -
410 1048 570 1140 ἧκον
614 1075 683 1129 ες
715 1050 836 1140 τὴν
882 1050 1099 1120 οἰκίαν
1143 1055 1303 1139 περὶ
1350 1078 1621 1139 πρωτον
1662 1053 1894 1136 ῧπνον,
1943 1047 2449 1142 ἀποτρέποντος

279 1158 404 1220 τοῦ
449 1153 636 1231 ξένου
694 1155 806 1220 καὶ
851 1153 1059 1239 μόνον
1103 1148 1220 1220 οὐκ
1278 1154 1937 1241 ἐπιλαμβανομένου,
1997 1155 2148 1224 ἐπεὶ
2193 1156 2449 1242 ε’μαθεν

282 1259 356 1323 οἶ
392 1254 758 1339 βαδίζοιμι,
804 1252 872 1333 ἐς
913 1241 1266 1341 προῦπτον
1302 1252 1523 1339 κακόν,
1570 1283 1661 1336 ως
1692 1252 1882 1345 (ὕετο.
1958 1257 2083 1346 εγώ
2115 1259 2187 1326 δὲ
2219 1258 2449 1343 λύχνον

280 1356 508 1443 λαβὼν
562 1357 769 1442 μόνος
835 1357 1247 1443 εἰσέρχομαι,
1314 1363 1426 1427 καὶ
1490 1385 1559 1427 εν
1624 1364 1722 1447 τῷ
1785 1367 2080 1448 μεγίστῳ
2137 1360 2449 1449 οἰκήματι

277 1462 610 1537 καταθεὶς
652 1458 729 1527 τὸ
777 1483 923 1546 φως
954 1454 1430 1547 ἀνεγίγνωσκον
1461 1457 1671 1550 ἡσυχῆ
1710 1465 1925 1547 χαμαὶ
1967 1461 2447 1545 καθεζόμενος·

281 1561 649 1652 ἐφίσταται
693 1561 765 1628 δὲ
810 1556 845 1629 6
876 1562 1138 1646 δαίμων
1170 1564 1271 1631 ἔτι
1299 1562 1452 1631 τινὰ
1482 1568 1616 1630 τῶν
1653 1565 1923 1631 πολλῶν
1951 1557 2133 1649 ἥκειν
2165 1561 2448 1646 νομίζων

277 1665 396 1731 καὶ
428 1662 818 1742 δεδίξεσθαι
850 1660 1019 1750 κάμὲ
1051 1665 1339 1747 ἐλπίζων
1369 1665 1601 1752 ὥσπερ
1631 1664 1789 1743 τοὺς
1833 1661 2076 1743 ἄλλους
2121 1662 2449 1751 αὐχμηρὸς

278 1770 393 1834 καὶ
439 1765 729 1856 κομήτης
757 1770 867 1834 καὶ
898 1767 1298 1853 μελάντερος
1339 1771 1460 1834 τοῦ
1499 1767 1729 1856 ζόφου,
1772 1770 1887 1834 καὶ
1915 1762 1950 1833 δ
1997 1766 2118 1850 μὲν
2166 1764 2449 1843 ἐπιστὰς

281 1867 602 1995 ἐπειρᾶτό
648 1894 776 1954 μου
820 1870 1253 1953 πανταχόθεν
1298 1869 1775 1955 προσβάλλων,
1831 1869 1899 1937 εἴ
1938 1874 2164 1936 ποθεν
2207 1867 2448 1955 κρατή-

280 1992 445 2052 σειε,
489 1972 600 2039 καὶ
633 1997 787 2057 αρτι
816 1970 937 2056 μὲν
979 1972 1154 2039 κύων
1187 1997 1339 2058 αρτι
1372 1972 1447 2038 δὲ
1476 1975 1721 2058 ταῦρος
1759 1971 2145 2058 γιγνόμενος
2173 1960 2215 2060 ἢ
2261 1973 2447 2038 λέων.

280 2066 410 2158 εγὼ
460 2072 532 2140 δὲ
575 2073 1171 2159 προχειρισάμενος
1198 2072 1324 2161 τὴν
1361 2072 1909 2162 φρικωδεστάτην
1941 2072 2293 2162 ἐπίρρησιν
2340 2073 2446 2139 αἰ-

279 2173 666 2261 γυπτιάζων
720 2177 804 2263 τῇ
870 2179 1067 2294 φωνῇ
1124 2175 1466 2264 συνήλασα
1529 2174 1837 2266 κατᾴδων
1907 2170 2106 2243 αὐτὸν
2173 2175 2241 2253 ἔς
2295 2200 2447 2241 τινα

275 2283 531 2364 γωνίαν
575 2281 917 2345 σκοτεινοῦ
961 2278 1358 2365 οἰκήματος·
1405 2277 1566 2345 ἰδών
1599 2280 1672 2348 δὲ
1703 2273 1907 2347 αὐτὸν
1952 2277 2023 2345 οἶ
2061 2277 2320 2359 κατέδυ,
2362 2275 2442 2343 τὸ

280 2379 530 2447 λοιπὸν
577 2372 1025 2470 ἀνεπαυόμην.
1107 2380 1324 2448 ἕωθεν
1373 2381 1447 2448 δὲ
1489 2380 1764 2449 πάντων
1810 2373 2292 2466 ἆπεγνωκότων
2333 2382 2447 2445 καὶ

200 2498 258 2549 58
284 2480 517 2568 νεκρὸν
562 2477 867 2568 εὖρήσειν
909 2509 1000 2569 με
1025 2482 1350 2569 οἰομένων
1378 2482 1697 2567 καθάπερ
1728 2480 1883 2560 τοὺς
1915 2479 2159 2559 ἄλλους
2201 2483 2448 2569 προελ-

276 2583 436 2650 θών
479 2577 990 2673 ἀπροσδόκητος
1021 2584 1241 2652 ἅπασι
1283 2584 1611 2669 πρόσειμι
1652 2586 1750 2670 τῷ
1780 2576 2137 2671 Εὐβατίδῃ,
2185 2580 2446 2668 εὐαγγε-

279 2685 628 2772 λιζόμενος
673 2680 856 2773 αύτῷ
901 2679 1007 2755 ὅτι
1035 2685 1348 2773 καθαρὰν
1376 2687 1489 2752 καὶ
1531 2681 1931 2769 ἀδείμαντον
1973 2680 2099 2774 ἤδη
2148 2684 2279 2762 ἕξει
2321 2683 2443 2770 τὴν

279 2787 504 2857 οἰκίαν
549 2788 772 2856 οἰκεῖν.
857 2791 969 2856 καὶ
1027 2787 1444 2874 παραλαβών
1492 2780 1693 2854 αῦτόν
1750 2811 1825 2853 τε
1879 2788 1990 2853 καὶ
2033 2789 2169 2853 τῶν
2228 2779 2446 2867 ἄλλων

276 2889 580 2969 πολλοὺς
623 2929 707 2941 -
751 2891 1024 2958 εἵποντο
1068 2891 1196 2977 γὰρ
1234 2893 1353 2957 τοῦ
1382 2888 1775 2975 παραδόξου
1821 2887 2008 2956 ἕνεκα
2039 2926 2122 2935 -
2152 2886 2446 2955 ἐκέλευον

278 2987 547 3081 ἆγαγών
602 2992 722 3060 ἐπὶ
782 2991 902 3060 τὸν
961 2992 1205 3079 τόπον,
1272 2986 1351 3059 οὗ
1415 2990 1910 3060 καταδεδυκότα
1974 2989 2092 3057 τὸν
2159 2991 2448 3074 δαίμονα

277 3094 633 3181 ἑωράκειν,
694 3094 1018 3162 σκάπτειν
1063 3095 1393 3181 λαβόντας
1452 3095 1756 3172 δικέλλας
1797 3095 1907 3161 καὶ
1957 3106 2280 3183 σκαφεῖα,
2333 3094 2448 3159 καὶ

279 3195 517 3284 ἐπειδὴ
556 3197 904 3286 ἐποίησαν,
941 3193 1185 3320 εὑρέθη
1218 3197 1379 3267 οσον
1410 3190 1526 3264 ἐπ’
1563 3190 1837 3283 ὀργυιὰν
1867 3199 2449 3282 κατορωρυγμένος

276 3324 384 3379 τις
413 3298 640 3387 νεκρὸς
671 3298 878 3377 ε’ωλος
904 3298 1080 3383 μόνα
1109 3297 1194 3364 τὰ
1238 3293 1408 3367 οστᾶ
1438 3296 1607 3366 κατὰ
1638 3298 1714 3365 τὸ
1750 3301 1973 3387 σχῆμα
2006 3303 2446 3384 συγκείμενος.

282 3400 532 3469 ἐκεῖνον
575 3401 697 3486 μὲν
729 3385 845 3468 οῦν
877 3399 1240 3488 ἐθάψαμεν
1272 3400 1728 3487 ἀνορύξαντες,
1775 3396 1815 3489 ἡ
1860 3399 2040 3467 οἰκία
2071 3400 2144 3465 δὲ
2186 3397 2262 3464 τὸ
2313 3390 2439 3463 ἀπ’

280 3502 534 3571 ἐκείνου
581 3501 926 3570 ἐπαύσατο
972 3502 1404 3592 ἐνοχλουμένη
1451 3499 1587 3571 ὑπὸ
1634 3527 1770 3569 των
1815 3500 2211 3590 φασμάτων.

453 3610 553 3672 32.
590 3600 700 3683 Ὡς
745 3605 818 3671 δὲ
861 3608 1073 3671 ταῦτα
1117 3601 1382 3672 εἶπεν<
1350 3631 1386 3673 ο
1411 3599 1831 3690 Ἀρίγνωτος,
1878 3601 2046 3690 ἀνὴρ
2092 3594 2440 3685 δαιμόνιος
2473 3617 2552 3673 32

278 3704 404 3793 τὴν
450 3713 702 3794 σοφίαν
746 3710 858 3775 καὶ
907 3699 1165 3775 άπασιν
1212 3706 1561 3790 αἰδέσιμος
1607 3701 1781 3772 εἶναι
1826 3705 2057 3786 δοκων,
2105 3698 2326 3780 οὐδεὶς
2366 3729 2447 3824 ην

283 3806 384 3876 ἔτι
427 3813 560 3876 τῶν
605 3808 965 3896 παρόντων
1009 3807 1086 3888 ὃς
1131 3802 1274 3892 οὗχὶ
1334 3810 1810 3894 κατεγίγνωσκέ
1851 3831 1982 3890 μου
2027 3804 2285 3895 πολλὴν
2329 3804 2447 3891 τὴν

282 3906 519 3978 α’νοιαν
560 3925 706 3990 τοῖς
747 3904 1081 3989 τοιούτοις
1127 3906 1595 3990 ἀπιστοῦντος,
1642 3911 1755 3976 καὶ
1800 3910 2012 3975 ταῦτα
2048 3906 2446 3994 Ἀριγνώτου

284 4014 609 4100 λέγοντος.
685 4012 811 4099 ἐγώ
857 4005 985 4080 δὲί
958 4006 1144 4097 όμως
1188 4006 1380 4079 οὐδὲν
1409 4015 1651 4098 τρέσας
1683 4007 1837 4078 ου’τε
1878 4009 1998 4100 τὴν
2039 4008 2249 4097 κόμην
2294 4031 2449 4074 ουτε
