2867 4525
447 300 567 360 132
1333 298 1707 353 AormANor

443 466 713 559 ἀγαθὰς
756 468 1039 548 ἐλπίδας
1084 462 1160 535 ού
1206 466 1396 557 παρὰ
1448 472 1580 534 τῶν
1627 467 2178 556 βιβλιοκαπήλων
2223 469 2326 538 δεῖ
2370 469 2600 558 ζητεῖν,

443 567 616 641 ἆλλὰ
673 566 841 659 παρ’
909 567 1109 639 αὑτοῦ
1166 573 1278 639 καὶ
1321 574 1444 638 τοῦ
1496 563 1664 637 καθ’
1726 566 1979 659 ἡμέραν
2020 576 2173 655 βίου
2220 572 2602 659 λαμβάνειν.

441 675 523 744 σὺ
570 669 630 743 δ’
683 674 816 742 οἴει
862 674 1223 764 συνήγορον
1252 671 1476 742 κοινὸν
1517 675 1629 741 καὶ
1660 672 1964 759 μάρτυρα
2004 670 2292 741 ἔσεσθαί
2333 696 2446 742 σοι
2489 674 2605 742 τὸν

431 773 735 846 Ἀττικὸν
799 779 912 845 καὶ
970 777 1303 844 Καλλῖνον
1367 773 1525 852 τούς
1588 774 2117 862 βιβλιογράφους
2130 803 2153 858 ,·
2224 771 2374 858 οὔκ,
2448 768 2599 843 ἀλλ’

442 879 664 963 ’ὠμούς
729 903 918 957 τινας
982 872 1395 965 ἀνθρώπους
1461 875 1951 965 ἐπιτρίψοντάς
2004 899 2109 953 σε,
2176 866 2258 965 ἢν
2315 879 2382 946 οἱ
2446 882 2604 947 θεοὶ

441 983 754 1065 ἐθέλωσι,
798 984 911 1050 καὶ
954 979 1128 1066 πρὸς
1159 979 1437 1062 ἔσχατον
1466 985 1704 1057 πενίας
1750 979 2261 1058 ξυνελάσοντας·
2308 981 2459 1049 δέον
2502 980 2707 1050 ἕτι120

443 1090 556 1155 νῦν
589 1084 1118 1173 σωφρονήσαντα
1149 1076 1550 1149 ἀποδόσθαι
1573 1087 1693 1167 μέν
1723 1108 1858 1150 τινι
1886 1084 2019 1148 τῶν
2047 1083 2604 1168 πεπαιδευμένων

441 1187 526 1256 τὰ
581 1189 814 1273 βιβλία
867 1188 1079 1252 ταῦτα
1134 1187 1244 1252 καὶ
1300 1182 1419 1252 σὺν
1479 1180 1707 1262 αὐτοῖς
1762 1182 1883 1271 τὴν
1941 1177 2318 1253 νεόκτιστον
2360 1187 2604 1275 ταύτην

444 1290 680 1372 οἰκίαν,
729 1287 1102 1355 άποδοῦναι
1150 1287 1222 1353 δὲ
1265 1299 1410 1365 τοῖς
1443 1280 2165 1375 ἀνδραποδοκαπήλοις
2206 1292 2409 1375 μέρος
2450 1299 2605 1374 γοῦν

337 1394 415 1451 25
451 1386 589 1459 άπὸ
639 1391 911 1458 πολλῶν
953 1392 1084 1456 τῶν
1128 1382 1605 1478 ὀφειλομένων.
1674 1392 1776 1453 25.
1821 1389 1935 1455 καὶ
1963 1386 2090 1474 γὰρ
2133 1381 2404 1457 κάκεῖνα
2447 1392 2604 1477 περὶ

443 1493 560 1562 δύο
605 1496 818 1560 ταῦτα
863 1492 1097 1570 δεινῶς
1127 1490 1567 1573 ἐσπούδακας,
1612 1492 1895 1576 βιβλίων
1927 1514 2003 1557 τε
2046 1493 2180 1557 τῶν
2222 1493 2606 1559 πολυτελῶν

438 1599 670 1686 κτῆσιν
713 1597 825 1663 καὶ
869 1600 1230 1679 μειρακίων
1260 1596 1395 1662 τῶν
1442 1592 1705 1679 ἐξώρων
1733 1596 1845 1659 καὶ
1874 1588 2001 1682 ἤδη
2031 1596 2367 1680 καρτερῶν
2412 1589 2604 1680 ὠνήν,

438 1702 552 1767 καὶ
616 1697 694 1765 τὸ
762 1682 1040 1783 πρᾶγμά
1108 1705 1219 1750 0οι
1283 1694 1465 1762 πάνυ
1527 1694 1982 1776 σπουδάζεται
2043 1699 2157 1764 καὶ
2222 1693 2604 1783 θηρεύεται.

442 1799 770 1869 ἀδύνατον
829 1799 901 1866 δὲ
958 1802 1216 1886 πένητα
1274 1792 1438 1865 όντα
1481 1796 1654 1885 πρὸς
1701 1792 1907 1886 ὀῖμφω
1966 1798 2278 1885 διαρκεῖν.
2366 1795 2605 1865 σκόπει

440 1908 685 1983 τοίνυν,
731 1897 824 1980 ῶς
870 1901 1048 1987 ἱερὸν
1072 1902 1294 1986 χρῆμα
1341 1898 1699 1986 συμβουλή.
1775 1892 1946 1978 ἆξιῶ
1977 1899 2105 1987 γάρ
2152 1921 2227 1966 σε
2272 1891 2605 1987 ὀιφέμενον

440 2008 575 2072 τῶν
617 2004 825 2093 μηδὲν
867 2002 1339 2091 προσηκόντων
1366 2000 1487 2092 τὴν
1532 2001 1761 2088 ἑτέραν
1798 1996 1998 2070 νόσον
2039 2001 2451 2083 θεραπεύειν
2495 2005 2605 2070 καὶ

439 2106 599 2185 τοὺς
640 2102 980 2195 ὑπηρέτας
1025 2104 1313 2182 ἐκείνους
1356 2097 1707 2186 ὠνεῖσθαι,
1755 2097 1946 2183 ὅπως
1974 2103 2064 2190 μὴ
2113 2103 2606 2171 ἐπιλειπόντων

442 2232 519 2278 σε
575 2212 708 2277 τῶν
769 2208 1041 2277 οἴκοθεν
1092 2205 1566 2293 μεταστέλλοιό
1611 2229 1801 2284 τινας
1858 2209 1991 2273 τῶν
2037 2204 2446 2292 ἐλευθέρων,
2507 2205 2607 2285 οἷς

441 2308 788 2378 ἀκίνδυνον
819 2304 1260 2390 ἆπελθοῦσιν,
1293 2298 1373 2395 ἢν
1400 2307 1492 2397 μὴ
1525 2308 1822 2394 λάβωσιν
1852 2301 2144 2392 ἅπαντα,
2178 2308 2607 2396 ἐξαγορεῦσαι

438 2409 525 2478 τὰ
571 2415 965 2497 πραχθέντα
1022 2408 1178 2494 ὑμῖν
1229 2408 1398 2494 μετὰ
1441 2409 1560 2477 τὸν
1605 2409 1847 2493 πότον,
1873 2445 1878 2448 ’
1905 2410 2018 2478 οἶα
2061 2414 2171 2479 καὶ
2216 2410 2452 2499 πρῴην
2497 2411 2606 2478 α’ί-

441 2536 681 2598 σχιστα
708 2520 868 2600 περὶ
899 2516 1019 2579 σοῦ
1052 2512 1340 2602 διηγεῖτο
1365 2511 1663 2591 ἐξελθών
1686 2509 1721 2580 ὃ
1748 2513 2002 2598 πόρνος
2032 2512 2133 2580 ἔτι
2162 2516 2274 2581 καὶ
2305 2514 2606 2603 δήγματα

439 2609 838 2694 ἐπιδεικνύς.
944 2609 1093 2682 ἄλλ’
1158 2615 1361 2703 ἔγωγε
1415 2617 1525 2683 καὶ
1591 2613 1933 2703 μάρτυρας
1991 2605 2075 2684 ὃν
2133 2621 2606 2702 παρασχοίμην

437 2719 593 2797 τοὺς
634 2717 787 2786 τότε
841 2717 1215 2807 παρόντας,
1276 2713 1370 2795 ῶς
1418 2712 1842 2806 ἠγανάκτησα
1898 2719 2011 2784 καὶ
2069 2710 2296 2804 ὀλίγου
2342 2717 2606 2806 πληγὰς

437 2821 758 2908 ἐνέτριψα
789 2814 972 2907 αύτῷ
997 2822 1427 2903 χαλεπαίνων
1471 2815 1643 2904 ὑπὲρ
1678 2824 1818 2902 σοῦ,
1864 2824 1975 2886 καὶ
2020 2813 2307 2905 μάλισθ’
2347 2811 2459 2887 ὅτε
2487 2821 2601 2886 καὶ
2627 2842 2715 2893 121

439 2918 641 2990 ἄλλον
687 2920 1136 2990 ἐπεκαλέσατο
1182 2923 1490 3009 μάρτυρα
1523 2925 1657 2988 τῶν
1700 2918 1955 3006 ὁμοίων
1999 2923 2111 2989 καὶ
2144 2916 2347 2988 ἄλλον
2389 2913 2604 2988 ταύτὰ

433 3029 548 3093 καὶ
580 3024 799 3111 λόγοις
831 3026 1318 3112 διηγουμένους.
1391 3024 1569 3112 πρὸς
1599 3024 1678 3111 δὴ
1709 3026 1941 3107 ταῦτα,
1986 3009 2238 3111 ὦγαθέ,
2281 3021 2606 3106 ταμιεύου

436 3120 791 3211 τάργύριον
833 3129 942 3191 καὶ
992 3125 1304 3213 φύλαττε,
1351 3121 1444 3204 ῶς
1488 3125 1665 3193 οἴκοι
1706 3128 1819 3194 καὶ
1862 3124 2031 3193 κατὰ
2077 3123 2334 3215 πολλὴν
2381 3118 2608 3210 ὀισφά-

439 3229 624 3295 λειαν
653 3231 867 3294 ταῦτα
895 3241 1121 3295 ποιεῖν
1162 3230 1278 3295 καὶ
1305 3226 1591 3312 πάσχειν
1623 3228 1788 3316 ἔχῃς.
1860 3221 2035 3295 ὥστε
2063 3228 2184 3312 μὲν
2214 3226 2339 3314 γὰρ
2369 3230 2610 3313 μηκέτι

439 3330 843 3417 ἐργάζεσθαι
896 3335 1001 3407 τίς
1062 3318 1142 3396 ὃν
1186 3335 1624 3414 μεταπείσειέ
1672 3353 1779 3415 σε,·
1831 3323 1986 3400 οὐδὲ
2026 3328 2153 3418 γὰρ
2197 3328 2369 3398 κύων
2416 3323 2611 3408 ἷὶπαξ

330 3442 407 3499 26
444 3429 766 3501 παύσαιτ’
834 3421 914 3499 ὀέν
973 3447 1471 3520 σκυτοτραγεῖν·
1501 3436 1844 3518 μαθοῦσα.
1946 3436 2048 3500 26.
2104 3429 2182 3499 τὸ
2243 3425 2304 3498 δ’
2380 3430 2610 3514 ἕτερον

437 3535 689 3625 ῥᾴδιον,
734 3533 810 3602 τὸ
857 3538 1089 3623 μηκέτι
1133 3529 1468 3602 ὠνεῖσθαι
1509 3536 1763 3620 βιβλία.
1841 3536 2083 3612 ἱκανῶς
2120 3535 2605 3615 πεπαίδευσαι,

434 3638 587 3715 ἅλις
643 3661 755 3706 σοι
805 3640 926 3722 τῆς
984 3643 1267 3724 σοφίας,
1323 3636 1531 3722 μόνον
1576 3632 1692 3705 ούκ
1749 3631 1863 3705 ἐπ’
1930 3632 2133 3725 ἔτ’κρου
2177 3640 2299 3703 τοῦ
2337 3638 2608 3719 χείλους

433 3738 606 3823 ἔχεις
640 3738 724 3806 τὰ
756 3738 1020 3807 παλαιὰ
1052 3739 1296 3820 πάντα,
1342 3743 1576 3806 πᾶσαν
1603 3738 1724 3823 μὲν
1757 3739 2058 3826 ἱστορίαν
2091 3734 2323 3820 οἶσθα,
2369 3737 2608 3817 πάσας

434 3842 509 3908 δὲ
554 3840 767 3928 λόγων
793 3849 1025 3923 τέχνας
1052 3843 1165 3908 καὶ
1208 3840 1413 3930 κάλλη
1450 3835 1667 3909 αὐτῶν
1703 3844 1815 3908 καὶ
1844 3847 2079 3920 κακίας
2107 3841 2219 3907 καὶ
2247 3832 2607 3923 ὀνομάτων

426 3945 662 4032 χρῆσιν
714 3946 849 4008 τῶν
884 3936 1232 4011 Ἀττικῶν·
1290 3942 1651 4031 πάνσοφόν
1706 3970 1775 4012 τι
1826 3946 2047 4031 χρῆμα
2105 3944 2216 4009 καὶ
2277 3936 2478 4028 ὀὶκρον
2532 3941 2609 4009 ἐν

432 4044 717 4133 παιδείᾳ
771 4049 1118 4130 γεγένησαι
1176 4043 1288 4114 διὰ
1346 4044 1424 4111 τὸ
1487 4044 1760 4133 πλῆθος
1815 4052 1947 4112 τῶν
1988 4046 2300 4131 βιβλίων·
2356 4045 2605 4112 κωλύει
