2867 4525
432 302 557 360 270

1167 302 1547 356 AnNo‘rs'rlo
1583 303 1852 358 carries.

645 474 872 540 εἴδεσιν
903 470 1378 557 ἐφαρμόζοντες
1415 472 1534 558 τὴν
1577 473 2005 557 παρασιτικὴν
2036 481 2095 540 εί
2120 473 2399 561 συνᾴδει,
2446 495 2602 543 σκο-

646 584 899 657 πῶμεν,
950 582 1077 640 καὶ
1119 574 1155 640 ὁ
1205 582 1351 659 περὶ
1394 576 1594 660 αὐτῆς
1637 574 1864 659 λόγος,
1910 576 2111 645 ἀλλὰ
2151 575 2250 661 μὴ
2296 576 2601 663 καθάπερ

646 682 710 743 αἱ
766 684 1047 761 πονηραὶ
1097 675 1330 760 χύτραι
1378 678 1465 761 μὴ
1510 676 1760 761 σαθρὸν
1804 679 2292 762 α’ποφθέγγηται
2337 681 2600 760 Corrup-

645 786 738 842 tus
795 785 921 842 sine
979 781 1158 843 dubio
1215 782 1314 843 hic
1368 785 1553 844 locus.
1645 782 1949 843 Sententia
2003 784 2211 860 opinor
2260 783 2413 845 haec
2467 790 2594 846 est:

653 884 742 944 Ad
782 887 982 946 omnia
1022 887 1171 945 artis
1214 903 1428 963 ymera
1470 883 1893 945 accommodata
1938 901 2038 944 ars
2074 887 2393 964 parasitica
2420 904 2600 964 quae-

650 994 824 1046 ratur
864 1004 1009 1048 uum
1053 991 1406 1048 concinat
1449 989 1571 1047 eius
1611 989 1766 1047 ratio
1809 980 2058 1067 (λόγος)
2093 1004 2224 1046 cum
2252 990 2469 1057 ceter-1⁶⁸,
2514 1004 2598 1047 cm

650 1087 1127 1166 quemadmodum
1181 1091 1422 1150 vitiosae
1472 1097 1645 1149 testae
1686 1105 1964 1148 concussu
2015 1087 2239 1166 fractae
2281 1106 2412 1148 cum
2453 1091 2597 1148 stri-

648 1189 783 1248 dore
845 1188 1033 1249 male
1098 1190 1443 1251 dissonet.
1546 1188 1806 1263 Quorum
1871 1190 2186 1250 verborum
2240 1207 2383 1266 pars
2432 1192 2601 1266 prior

647 1307 835 1366 usque
856 1291 933 1351 ad
958 1296 1102 1372 περὶ
1125 1289 1324 1372 αὒτῆς
1345 1288 1542 1371 λόγος
1563 1290 1869 1368 perlucida
1891 1296 1999 1370 est,
2030 1292 2160 1352 sola
2188 1293 2600 1352 coniunctione

645 1395 769 1455 καὶ
814 1410 967 1468 quae
1009 1393 1152 1454 ferri
1194 1412 1310 1453 non
1354 1398 1551 1471 potest
1591 1392 1837 1457 turbata.
1921 1394 2126 1453 Altera
2168 1411 2328 1472 pars,
2371 1396 2432 1453 in
2478 1412 2600 1470 qua

647 1494 801 1554 duae
849 1497 1172 1556 structurae
1216 1496 1497 1557 confusae
1541 1500 1707 1572 sunt,
1766 1496 1861 1574 „si
1902 1512 2035 1554 cum
2076 1494 2248 1555 bonis
2293 1495 2600 1557 codicibus

648 1594 837 1657 Oob.“
890 1596 1159 1659 submota
1200 1596 1342 1662 α’λλ
1359 1594 1399 1662 ὰ
1442 1593 1540 1678 μὴ
1584 1597 1774 1659 forma
1817 1598 2229 1659 enuntiationis
2270 1599 2598 1675 interroga·

645 1700 772 1759 tiva
809 1690 857 1777 ἢ
898 1699 1310 1778 substituatur,
1362 1718 1483 1760 non
1524 1703 1714 1760 minus
1759 1718 1906 1760 sana
1948 1704 2053 1764 est.
2142 1699 2450 1761 Postremo
2494 1701 2599 1760 de·

643 1800 883 1861 lendum
940 1805 1180 1862 auctore
1224 1801 1363 1867 Cob.
1410 1797 1510 1882 μὴ
1565 1806 1703 1861 ante
1759 1797 2009 1882 σαθρὸν
2069 1805 2128 1861 et
2172 1805 2435 1862 extrema
2476 1820 2602 1861 vox

648 1899 1135 1984 ἀποφθέγγηται
1194 1903 1477 1963 mutanda
1528 1905 1591 1964 in
1650 1900 2164 1984 ὑποφθέγγεται,
2230 1921 2383 1980 quae
2434 1905 2600 1964 testi-

647 2005 842 2066 monio
870 2005 1173 2065 Plutarchi
1201 2023 1341 2071 mor.
1380 2011 1459 2068 94
1508 2002 1757 2087 σαθρὸν
1790 1999 2020 2087 ὑπηχεῖ
2059 2008 2201 2066 satis
2243 2004 2593 2070 defenditur.

648 2108 855 2169 Restat
907 2109 1087 2185 igitur
1135 2110 1291 2188 Φέρε
1349 2103 1423 2189 δὴ
1481 2106 1643 2172 καθ’
1688 2104 1963 2173 ἕκαστον
2020 2122 2162 2185 τοῖς
2218 2114 2332 2188 τῆς
2372 2109 2600 2189 τέχνης

649 2212 877 2275 εἴδεσιν
922 2204 1396 2291 ἐφαρμόζοντες
1424 2205 1544 2292 τὴν
1574 2208 2019 2294 παρασιτικήν,
2066 2213 2135 2274 εἰ
2161 2204 2419 2292 συνᾴδει
2449 2226 2599 2274 σκο-

650 2321 873 2391 πῶμεν
916 2309 942 2378 ἓ
1010 2316 1156 2393 περὶ
1213 2309 1411 2394 αὐτῆς
1455 2310 1682 2397 λόγος,
1739 2307 1786 2396 ἢ
1842 2311 2139 2395 καθάπερ
2193 2316 2260 2377 αἱ
2316 2317 2602 2394 πονηραὶ

646 2411 878 2498 χύτραι
921 2411 1418 2497 διακρουόμεναι
1466 2415 1716 2499 σαθρὸν
1761 2415 2253 2497 ὑποφθέγγεται.
2302 2414 2467 2478 det.

438 2540 487 2586 c.
562 2525 619 2583 5.
650 2525 715 2584 τί
757 2522 856 2596 δὲ,
912 2515 990 2582 τὸ
1043 2519 1421 2584 ἐπίστασθαι
1479 2517 1594 2597 τὰς
1643 2517 1875 2602 αἱρετὰς
1916 2570 1930 2584 .
1979 2570 1993 2584 .
2042 2524 2178 2583 τῶν
2234 2523 2459 2581 σιτίων
2515 2567 2529 2580 .
2579 2567 2595 2581 .

652 2629 803 2686 πολ
819 2644 860 2685 υ
875 2645 975 2703 πρ
991 2646 1139 2701 αγμ
1154 2646 1191 2687 ο
1206 2619 1351 2686 συ’ν
1366 2647 1455 2704 ην
1511 2621 1785 2702 ἀτέχνου
1837 2617 2016 2697 τινὸς
2067 2619 2234 2685 εἶναί
2276 2636 2379 2684 σοι
2423 2621 2610 2683 δοκεῖ

650 2725 669 2806 n
711 2723 1405 2811 πολυπραγμοσύνης
1446 2776 1459 2789 .
1509 2775 1523 2791 .
1572 2726 1635 2785 Μ
1649 2742 1685 2784 a
1699 2724 1739 2784 d
1753 2726 1891 2802 vig.

440 2849 492 2891 c.
563 2836 616 2894 6.
653 2829 723 2892 ἐν
778 2828 1129 2909 γυμνασίῳ
1173 2827 1192 2908 ΙΙ
1235 2833 1634 2909 γυμνασίᾳ
1690 2829 2038 2888 excercitatio.
2128 2823 2323 2884 Probe
2380 2821 2604 2883 discer-

651 2930 846 2991 nenda
872 2948 981 3007 per
1009 2935 1192 2990 totum
1223 2930 1381 2991 hunc
1413 2931 1712 3006 dialogum
1754 2923 2075 3007 γυμνάσια
2119 2921 2498 3004 (gymnasia)
2545 2929 2607 2985 et

652 3038 997 3110 γυμνασίαι
1040 3027 1478 3112 γυμνάσματα.
1529 3030 2028 3107 (exercitationes)
2071 3062 2158 3073 —
2189 3020 2509 3091 ἀπολλυ
2526 3049 2605 3089 α-

655 3149 781 3197 σιν
812 3129 837 3214 ΙΙ
870 3129 1234 3198 ἀπόλλυσιν
1274 3129 1481 3196 ΑΩΨ
1511 3132 1651 3198 Oob.
1702 3135 1760 3196 εἰ
1796 3128 1881 3212 μὴ
1924 3182 1937 3197 .
1987 3184 2000 3197 .
2051 3130 2211 3195 εἶεν
2243 3126 2267 3213 ΙΙ
2298 3129 2392 3210 εἴη
2438 3122 2509 3188 Ω

442 3256 496 3297 c.
567 3241 618 3301 7.
655 3232 848 3300 ου’δὲν
893 3233 1064 3317 ευ’χρ.
1110 3234 1388 3318 εὑρίσκω
1434 3235 1515 3300 ἐν
1543 3241 1651 3320 τῷ
1678 3239 1824 3320 βίω
1857 3226 1937 3299 ὅν
1968 3230 1993 3315 ΙΙ
2023 3239 2178 3298 τῶν
2210 3233 2293 3297 ἐν
2324 3238 2432 3316 τῷ
2460 3236 2604 3315 βίῳ

655 3337 798 3401 Cob.
828 3338 993 3405 det.
1029 3373 1106 3384 —
1144 3359 1192 3406 c.
1232 3344 1285 3405 8.
1335 3345 1657 3419 κατορθοῖ
1685 3333 1708 3420 ΙΙ
1741 3337 1823 3403 Cf.
1863 3355 1909 3403 c.
1952 3342 1980 3397 1
2014 3370 2101 3381 —
2145 3333 2292 3415 ου’χ
2336 3329 2606 3409 οὕτως

652 3438 672 3524 ΙΙ
715 3438 861 3522 ου’χ
905 3434 1151 3520 οὗτος
1192 3441 1355 3506 det.
1405 3459 1480 3501 ex
1524 3438 1674 3505 οὐδ’
1719 3433 1915 3516 οὗτος
1960 3434 2029 3497 Ω

441 3562 490 3610 c.
564 3548 617 3610 8.
653 3549 761 3608 καὶ
803 3541 930 3626 μὴν
972 3550 1229 3626 κυβερν.
1261 3540 1284 3627 fl
1316 3548 1425 3607 καὶ
1467 3539 1594 3625 μὴν
1638 3547 1768 3606 καὶ
1819 3548 1964 3619 κυβ.
1998 3537 2074 3600 Ψ
2128 3539 2228 3600 Aa
2269 3536 2610 3616 augendam

655 3646 1129 3725 conjunctionum
1177 3649 1292 3707 vim
1337 3649 1396 3707 et
1438 3649 1791 3706 momentum
1836 3646 2085 3722 augetur
2135 3640 2297 3719 apud
2352 3643 2611 3702 seriores

655 3750 1002 3827 saepissime
1048 3751 1224 3809 etiam
1264 3765 1542 3810 numerus
1583 3749 2015 3825 particularum.

442 3871 498 3914 c.
569 3856 621 3916 9.
658 3848 921 3936 α’ποδῷς
953 3849 976 3933 ΙΙ
1009 3847 1364 3927 ἀποδώσεις
1410 3848 1553 3914 Oob.

443 3974 497 4017 c.
524 3959 620 4015 10.
652 3977 698 4030 μ
716 3959 969 4018 ἄλλον
1028 3950 1144 4034 τὴν
1187 3950 1397 4017 αὐτοῦ
1439 3947 1703 4033 γνώμην
1748 3962 1924 4015 ποιεῖ
1961 3949 2547 4030 φανερωτέραν
2589 3941 2609 4025 ss

657 4058 925 4134 Augetur
978 4056 1069 4114 vis
1126 4057 1656 4131 comparativorum
1708 4052 1908 4113 addito
1951 4057 2148 4129 μᾶλλ
2163 4074 2202 4116 ο
2216 4074 2256 4115 ν
2301 4047 2382 4109 cf.
2414 4066 2464 4112 c.
2503 4050 2604 4110 43.
