2867 4525
935 284 1039 336 ΔΙΣ
1079 284 1514 339 ΚΑΤΗΓΟΡΟΥΜ
1522 285 1604 338 ΕΝ
1607 286 1707 338 ΟΣ.
2362 287 2396 344 7

237 449 692 537 ἀπωσάμενος
746 452 1062 538 κυδοιμὸν
1116 453 1233 521 τὸν
1300 454 1368 522 ἐκ
1423 458 1558 522 τιῦν
1608 455 2029 540 βαρβάρων.·
2091 448 2274 540 ὅμως
2327 456 2399 525 δὲ

238 558 347 635 δὶς
391 547 434 643 ἢ
476 558 622 643 τρὶς
664 559 785 623 τοῦ
829 554 1018 634 ἔτους
1064 551 1364 635 ἀνιόντες
1409 557 1877 641 ἐπιλεξάμενοι
1922 556 2167 644 τράγον
2213 556 2399 645 ἐνόρ-

231 685 359 748 χην
403 658 653 726 θύουσί
693 684 814 742 μοι
858 660 1112 745 πολλῆς
1156 662 1273 749 τῆς
1302 659 1623 744 κινάβρας
1653 656 2015 741 ἀπόζοντα,
2063 656 2210 727 εἶτα
2240 653 2400 727 εὐω-

123 765 514 845 Βιΰχοῦνται
556 757 642 827 τὰ
677 766 856 848 κρέα,
904 760 1356 849 ποιησάμενοί
1385 786 1472 845 με
1510 764 1629 848 τῆς
1660 755 2068 850 εὐφροσύνης
2096 761 2408 846 μάρτυρα

231 890 342 930 και
395 864 583 949 ψιλῷ
626 862 1024 952 τιμήσαντες
1052 867 1149 949 τῷ
1178 864 1426 990 κρότῳ·
1498 858 1647 930 ἀλλ’
1691 864 1824 946 ἔχει
1853 863 2005 931 τινά
2033 889 2152 948 μοι
2185 875 2398 948 ψυχα·

228 970 483 1052 γωγίαν
530 961 565 1032 0‘
613 966 822 1051 γέλως
867 960 1085 1032 αὐτῶν
1130 968 1242 1032 καὶ
1285 961 1324 1055 ἡ
1373 962 1642 1034 παιδιά.

411 1075 510 1135 11.
556 1074 742 1134 ΔΙΚ.
819 1066 920 1134 Τά
967 1064 1034 1134 δ’
1088 1064 1289 1149 αλλα,
1343 1095 1396 1134 ω
1445 1067 1617 1149 Πάν,
1667 1062 1979 1152 ἀμείνους
2023 1065 2198 1153 πρὸς
2242 1061 2397 1152 ἀρε··
2416 1077 2484 1134 11

228 1168 352 1257 τὴν
399 1168 696 1255 ἐγένοντο
743 1166 878 1236 ὕπὸ
927 1173 1060 1236 τῶν
1104 1168 1542 1258 φιλοσόφων,·

408 1275 643 1338 ΠΑΝ.
719 1278 925 1351 Τίνας
980 1273 1190 1360 λέγεις
1241 1269 1398 1350 τοὺς
1444 1270 1899 1360 φιλοσόφους,
1952 1256 2055 1355 ἀρ’
2110 1271 2397 1350 εκείνους

229 1399 392 1451 τους
447 1388 797 1463 κατηφεῖς,
863 1374 1022 1453 τοὺς
1082 1373 1338 1456 ξυνάμα
1395 1374 1716 1454 πολλούς,
1789 1372 1946 1452 τοὺς
2000 1372 2077 1442 τὸ
2143 1378 2395 1460 γένειον

231 1472 516 1559 ὁμοίους
561 1475 731 1559 εμοί,
777 1475 937 1554 τοὺς
983 1477 1258 1559 λάλους,·

407 1584 592 1646 AJK.
669 1582 803 1646 Καὶ
848 1581 1052 1663 μάλα.

406 1684 642 1748 ΠΑΝ.
709 1675 845 1748 Οὔκ
890 1677 1043 1749 οἶδα
1089 1675 1262 1760 όλως
1307 1676 1347 1750 ὅ
1389 1708 1459 1749 τι
1501 1685 1611 1749 καὶ
1661 1682 1961 1765 λέγουσιν
1993 1672 2147 1746 οὐδὲ
2178 1679 2397 1767 ξυνίη-

229 1808 313 1866 μι
363 1781 487 1869 τὴν
545 1789 796 1871 σοφίαν
850 1780 1107 1851 αὐτῶν·
1213 1778 1435 1870 όρειος
1488 1782 1614 1870 γάρ
1673 1780 1796 1870 ἐγω
1855 1784 1968 1849 καὶ
2021 1780 2105 1847 τά
2160 1781 2395 1867 κομψὰ

231 1886 450 1950 ταῦτα
495 1884 786 1973 ῥημάτια
831 1889 941 1952 καὶ
976 1881 1216 1953 ἀστικὰ
1264 1879 1340 1952 οὗ
1384 1885 1770 1975 μεμάθηκα,
1818 1870 1871 1950 ὦ
1899 1890 2093 1973 Δίκη.
2172 1878 2395 1952 πόθεν

228 1985 361 2072 γάρ
409 1984 489 2055 ἐν
522 1981 848 2076 Ἀρκαδίᾳ
895 1987 1224 2075 σοφιστὴς
1266 1977 1308 2076 ἢ
1353 1987 1771 2078 φιλόσοφος,·
1819 1988 2025 2076 μέχρΐ
2054 1990 2173 2054 τοῦ
2217 1990 2395 2054 πλα-

229 2095 384 2176 γίου
430 2086 633 2157 αυλοῦ
676 2091 791 2156 καὶ
839 2093 959 2179 τῆς
1004 2090 1312 2177 σύριγγος
1361 2089 1487 2176 ἐγώ
1536 2086 1779 2178 σοφός,
1825 2089 1911 2157 τὰ
1958 2085 2017 2156 δ’
2070 2089 2242 2157 ἄλλα
2288 2090 2394 2157 αἰ-

232 2190 447 2270 πόλος
489 2195 599 2259 καὶ
641 2190 958 2283 χορευτὴς
1000 2195 1112 2260 καὶ
1160 2187 1603 2283 πολεμιστής,
1649 2184 1729 2282 ἢν
1776 2192 1911 2282 δέῃ,
2000 2191 2177 2281 πλὴν
2222 2189 2393 2260 ἀλλὰ

233 2287 458 2363 ἀκούω
523 2319 596 2380 γε
667 2289 888 2361 αὐτῶν
954 2288 1059 2363 ἀεὶ
1131 2295 1543 2382 κεκραγότων
1605 2300 1718 2364 καὶ
1775 2290 2014 2383 ἀρετήν
2072 2322 2227 2364 τινα
2280 2299 2391 2364 καὶ

130 2397 424 2477 804ἰδέας
466 2399 577 2465 καὶ
623 2399 828 2485 φύσιν
883 2400 993 2465 καὶ
1052 2392 1381 2483 ἀσώματα
1429 2398 1841 2480 διεξιόντων,
1887 2394 2200 2485 ἀγνωστα
2245 2401 2391 2482 ἐμοὶ

232 2503 346 2567 καὶ
394 2493 620 2579 ξένα’
590 2498 909 2582 ονόματα.
975 2503 1088 2568 καὶ
1132 2499 1217 2567 τὰ
1263 2504 1504 2586 πρῶτα
1546 2502 1668 2585 μὲν
1714 2498 2057 2589 εἰρηνικῶς
2087 2500 2392 2588 ἐνάρχον-

233 2628 350 2669 ται
392 2606 526 2668 τιῦν
571 2600 745 2687 πρὸς
791 2600 1118 2689 ἀλλήλους
1170 2602 1416 2689 λόγων,
1472 2602 1841 2691 προϊούσης
1886 2604 1959 2670 δὲ
2002 2605 2120 2692 τῆς
2166 2604 2394 2681 ξυνου-

236 2710 389 2783 σίας
435 2703 849 2772 ἐπιτείνουσι
891 2703 967 2770 ‘co‘
1018 2709 1299 2792 φθέγμα
1339 2709 1534 2791 μέχρι
1580 2703 1753 2787 πρὸς
1797 2704 1871 2770 τὸ
1909 2699 2175 2788 ὄρθιον,
2220 2697 2395 2771 ὥστε

233 2804 925 2891 ὑπερδιατεινομένων
968 2809 1079 2875 καὶ
1129 2801 1269 2892 ἅμα
1315 2806 1525 2894 λέγειν
1571 2805 1947 2873 ἐθελόντων
1990 2805 2067 2874 τό
2111 2830 2187 2873 τε
2223 2801 2392 2891 πρό-

234 2931 472 2976 σωπον
516 2906 803 2999 ἐρυθριᾷ
844 2913 958 2977 καὶ
1003 2906 1040 2978 ὃ
1083 2903 1405 2998 τράχηλος
1465 2907 1638 2976 οἰδεῖ
1680 2911 1790 2975 καὶ
1838 2908 1910 2975 αἱ
1956 2909 2198 2997 φλέβες
2244 2908 2393 2987 ἐξα-

234 3017 583 3078 νίστανται
635 3008 866 3094 ὥσπερ
933 3015 1070 3078 τῶν
1145 3006 1478 3100 αὐλητῶν,
1546 3007 1808 3078 ὁπόταν
1864 3009 1930 3088 ἐς
1988 3010 2219 3080 στενὸν
2275 3011 2395 3079 τὸν

235 3106 440 3181 αὐλὸν
488 3112 762 3197 ἐμπνεῖν
816 3109 1203 3200 βιάζωνται.
1293 3112 1810 3198 διαταράξαντες
1861 3116 2017 3200 γοῦν
2078 3112 2235 3192 τοὺς
2280 3112 2393 3183 λό-

230 3239 389 3301 γους
443 3218 558 3282 καὶ
614 3214 691 3283 τὸ
749 3215 823 3295 ἐξ
872 3211 1076 3303 ἀρχῆς
1133 3214 1711 3299 ἐπισκοπούμενον
1758 3215 2139 3302 ξυγχέαντες
2184 3214 2394 3300 ἀπέρ-

227 3342 466 3400 χονται
512 3317 1068 3407 λοιδορησάμενοι
1113 3313 1426 3406 ἀλλήλοις
1472 3318 1538 3385 οἱ
1583 3319 1829 3384 πολλοὶ
1873 3315 1991 3383 τὸν
2035 3317 2287 3402 ἱδρῶτα
2325 3316 2394 3384 ἐκ

232 3423 352 3486 τοῦ
381 3415 701 3503 μετώπου
733 3417 978 3506 ἀγκῶνι
1010 3415 1485 3504 ἀποξυόμενοι,
1516 3422 1626 3486 καὶ
1660 3413 1853 3497 οὗτος
1882 3431 2146 3503 κρατεῖν
2170 3416 2392 3496 ἔδοξεν

234 3519 310 3598 ὃς
355 3511 437 3588 ἀν
480 3522 1116 3610 μεγαλοφωνότερος
1162 3516 1379 3589 αὐτῶν
1421 3506 1468 3610 ᾗ
1497 3525 1610 3589 καὶ
1655 3521 2073 3607 θρασύτερος
2102 3522 2212 3586 καὶ
2244 3519 2394 3589 διατ

236 3625 573 3707 λυομένων
619 3618 892 3713 ἀπέλθῃ
938 3618 1233 3711 ὕστερος.
1302 3623 1477 3714 πλὴν
1508 3618 1659 3691 ἀλλ’
1713 3616 1752 3691 ὅ
1795 3647 1869 3709 γε
1914 3620 2081 3701 λεώς
2111 3617 2145 3689 ὃ
2179 3620 2395 3700 πολὺς

235 3722 629 3811 τεθήπασιν
678 3721 938 3809 αὐτούς,
983 3731 1097 3796 καὶ
1130 3726 1427 3812 μάλιστα
1458 3723 1756 3804 ὅπόσους
1785 3724 1991 3813 μηδὲν
2034 3727 2169 3791 τῶν
2200 3717 2395 3811 ἀναγ-

140 3832 599 3913 805καιοτέρων
661 3823 962 3913 ἀσχολεῖ,
1016 3832 1127 3897 καὶ
1182 3831 1564 3913 παρεστᾶσι
1623 3826 1796 3912 πρὸς
1839 3825 1914 3895 τὸ
1975 3825 2239 3911 θράσος
2282 3829 2394 3894 καὶ

237 3928 355 4013 τὴν
397 3928 565 4019 βοὴν
608 3934 1053 4022 κεκηλημένοι.
1136 3931 1284 4015 ἐμοὶ
1334 3930 1456 4014 μὲν
1503 3955 1619 3997 ουν
1665 3924 1980 4009 ἀλαζόνες
2023 3928 2218 4004 τινὲς
2246 3925 2395 3993 ἐδο-

237 4063 390 4105 κουν
436 4026 571 4102 ὂπὸ
621 4028 875 4102 τούτων
920 4037 1032 4101 καὶ
1066 4027 1364 4122 ἠνιώμην
1396 4031 1512 4098 ἐπὶ
1543 4034 1628 4120 τῇ
1656 4034 1776 4099 τοῦ
1806 4030 2129 4115 πώγωνος
2158 4024 2393 4110 ὅμοιό-
