2867 4525
1164 308 1618 363 ΦΙΔΟΨΕΥΔΗΣ.
2385 311 2464 369 95

310 480 426 548 διὰ
474 486 698 567 τρίτης
755 474 889 546 ὗπὸ
947 482 1065 546 τοῦ
1108 472 1404 564 ἠπιάλου
1465 473 1947 564 ἀπολλύμενον.
2023 465 2145 548 Ἦν
2187 480 2314 568 γὰρ
2355 484 2467 549 καὶ

312 581 576 671 ἰατρός,
626 568 706 668 ἦν
751 576 812 648 δ’
865 580 1013 667 ἐγώ,
1059 577 1094 648 5
1140 582 1487 667 βέλτιστος
1532 575 1727 660 οὗτος
1768 581 2088 666 Πέλιχος,·
2130 578 2314 651 Ἔστι
2356 585 2468 650 καὶ

221 696 292 747 47
315 682 408 769 μὴ
458 687 744 765 σκῶπτε,
791 670 833 773 ἦ
879 677 938 751 δ’
991 682 1066 762 ὃς
1109 679 1146 751 5
1187 677 1541 803 Εὐκράτης,
1587 679 1631 773 η’
1676 707 1750 750 σε
1779 677 1896 751 οὐκ
1942 683 2008 762 ἐς
2051 683 2308 770 μακρὰν
2351 690 2471 768 μέ-

308 809 524 854 τεισιν
567 782 602 852 5
665 779 865 872 ἀνήρ·
926 782 1080 852 οἶδα
1126 778 1322 871 ἐγώ
1298 780 1462 851 όσον
1519 785 1796 853 δύναται
1841 780 2037 864 οὗτος
2082 783 2117 854 5
2165 783 2299 855 ὕπὸ
2349 790 2472 854 σοῦ

306 888 677 975 γελώμενος
735 883 1032 975 άνδριάς.
1119 877 1160 977 ἢ
1213 881 1291 954 05
1349 887 1639 971 νομίζεις
1693 891 1814 955 τοῦ
1867 882 2074 956 αὐτοῦ
2131 886 2304 957 εἶναι
2357 892 2470 957 καὶ

308 990 732 1074 ἐπιπέμπειν
774 984 1108 1080 ἠπιάλους
1149 979 1328 1068 οἶς
1285 1017 1366 1056 αν
1409 988 1636 1077 ἐθέλῃ,
1684 989 1751 1056 εἴ
1772 1013 1845 1075 γε
1873 993 1985 1057 καὶ
2032 987 2472 1077 ἀποπέμπειν

311 1091 595 1159 δυνατὸν
652 1085 870 1180 αὗτῷς
908 1089 1158 1174 Ἵλεως,
1216 1119 1297 1176 ην
1354 1085 1419 1157 δ’
1488 1092 1644 1179 ἐγώ,
1706 1091 1878 1159 ε’στω
1934 1088 1970 1159 5
2034 1087 2310 1180 ἀνδριὰς
2360 1098 2472 1162 καὶ

310 1190 519 1283 ἤπιος
563 1187 775 1271 ούτως
819 1187 1125 1279 άνδρεῑος
1175 1189 1288 1261 ὧν.
1376 1200 1450 1261 τί
1491 1187 1559 1260 δ’
1613 1180 1727 1262 οὗν
1777 1197 1891 1262 καὶ
1937 1190 2101 1262 αλλο
2145 1199 2474 1263 ποιοῦντα

313 1294 514 1382 ὖρᾶτε
572 1295 774 1365 αὐτὸν
833 1288 1128 1374 άπαντες
1183 1297 1251 1363 οἱ
1295 1294 1364 1363 ἐν
1409 1308 1496 1386 τῇ
1552 1297 1770 1386 οἰκίας
1817 1293 2127 1366 Ἐπειδὰν
2171 1297 2471 1381 τάχιστα,

311 1394 475 1485 ἔφη,
521 1395 641 1473 νὺξ
677 1406 978 1485 γένηται,
1026 1395 1060 1464 5
1111 1398 1183 1465 δὲ
1226 1398 1526 1484 καταβὰς
1572 1397 1710 1467 άπὸ
1757 1404 1876 1489 τῆς
1916 1400 2212 1485 βάσεως,
2261 1393 2376 1489 ἐφ’
2427 1393 2473 1489 ᾗ

312 1498 562 1587 ἕστηκε,
609 1505 942 1584 περίεισιν
974 1498 1042 1567 ἐν
1070 1500 1283 1587 κύκλῳ
1313 1500 1433 1589 τὴν
1467 1501 1683 1570 οἰκίαν
1716 1506 1829 1570 καὶ
1872 1502 2123 1580 πάντες
2168 1501 2473 1587 ἐντυγχά-

312 1624 543 1670 νουσιν
590 1596 771 1690 αὐτῷ
817 1600 1029 1669 ἐνίοτε
1069 1605 1184 1670 καὶ
1228 1599 1478 1692 ᾄδοντι,
1523 1608 1634 1671 καὶ
1669 1599 1785 1671 οὒκ
1823 1603 2006 1671 ἔστιν
2049 1595 2280 1670 ὅντινα
2322 1597 2473 1692 ἠδί-

310 1723 541 1793 κησεν·
588 1703 1038 1788 ἐκτρέπεσθαι
1065 1704 1191 1792 γὰρ
1216 1703 1340 1794 χρὴ
1371 1706 1607 1790 μόνον·
1653 1702 1689 1774 5
1726 1706 1798 1772 δὲ
1835 1710 2240 1828 παρέρχεται
2268 1706 2474 1794 μηδὲν

313 1806 674 1894 ἐνοχλήσας
696 1806 856 1885 τοὺς
890 1806 1176 1885 ἰδόντας.
1249 1810 1361 1875 καὶ
1392 1806 1523 1894 μὴν
1551 1810 1665 1874 καὶ
1702 1810 1934 1875 λοῦται
1964 1833 2048 1874 τα
2093 1807 2317 1874 πολλὰ
2360 1810 2474 1875 καὶ

313 1909 544 1990 παίζει
590 1902 680 1976 δι’
731 1901 892 1996 όλης
933 1912 1054 1995 τῆς
1099 1908 1347 1991 νυκτός,
1394 1902 1569 1977 ὥστε
1597 1906 1862 1977 ἀκούειν
1889 1914 2009 1977 τοῦ
2052 1902 2297 1989 ύδατος
2340 1922 2477 1997 ψο-

312 2015 621 2101 φοῦντος.
684 2011 848 2097 Ὅρα
890 2017 1134 2093 τοίνυν,
1179 1996 1260 2101 ἦν
1304 2008 1373 2078 δ’
1426 2011 1573 2098 εγώ,
1619 2010 1708 2102 μὴ
1756 2007 1898 2097 οὐχὶ
1936 2015 2226 2097 Πέλιχος
2270 2009 2306 2080 5
2358 2007 2474 2080 άν-

313 2114 544 2199 δριάς,
600 2107 774 2180 ἀλλὰ
826 2113 1065 2194 Τάλως
1116 2111 1152 2182 5
1199 2114 1383 2200 Κρὴς
1442 2110 1478 2181 5
1535 2118 1655 2181 τοῦ
1711 2121 1997 2194 Μίνωος
2051 2101 2124 2204 ᾗ·
2182 2117 2291 2181 καὶ
2347 2113 2474 2238 γὰρ

313 2216 561 2297 ἐκεῖνος
598 2219 884 2302 χαλκοῦς
926 2242 1030 2297 τις
1085 2204 1167 2306 ἦν
1210 2221 1328 2306 τῆς
1370 2216 1637 2307 Κρήτης
1680 2219 2073 2306 περίπολος.
2163 2217 2223 2285 ει
2267 2218 2338 2285 δὲ
2383 2216 2473 2307 μὴ

306 2319 573 2400 χαλκοῦ,
620 2345 673 2384 ω
721 2316 1082 2406 Εὔκρατες,
1128 2315 1297 2388 ἀλλὰ
1345 2321 1541 2400 ξύλου
1587 2320 1991 2411 ἐπεποίητο,
2039 2314 2229 2388 ούδὲν
2274 2316 2477 2387 αὐτὸν

235 2418 600 2488 48ἐκώλυεν
656 2416 731 2488 05
776 2428 1166 2512 Δημητρίου
1223 2423 1413 2509 ε’ργον
1460 2421 1665 2508 εἶναι,
1725 2419 1893 2490 ἀλλὰ
1950 2427 2084 2490 τῶν
2125 2424 2475 2492 Δαιδάλου

315 2522 768 2610 τεχνημάτων·
826 2525 1222 2610 δραπετεύει
1264 2530 1453 2612 γοῦν,
1505 2522 1600 2605 ὣς
1651 2525 1815 2615 φής,
1871 2518 2008 2591 άπὸ
2056 2530 2175 2614 τῆς
2214 2527 2477 2612 βάσεως

316 2648 431 2690 και
474 2619 686 2705 οὗτος.
762 2634 863 2696 20.
880 2622 1068 2749 Ὅρα,
1115 2628 1264 2717 ἐφη,
1308 2653 1360 2693 ω
1402 2627 1714 2715 Τυχιάδη,
1760 2628 1849 2715 μή
1894 2650 2006 2693 σοι
2047 2626 2468 2714 μεταμελήσῃ
2503 2638 2582 2695 20

314 2734 436 2793 τοῦ
494 2728 892 2814 σκώμματος
947 2723 1242 2813 ὕστερον.
1335 2726 1490 2798 οἶδα
1550 2728 1675 2815 ἐγώ
1736 2728 1848 2796 οἶα
1907 2729 2170 2795 ε’παθεν
2225 2725 2262 2794 5
2322 2726 2479 2806 τοὺς

317 2821 599 2915 ὀβολοὺς
641 2827 1070 2919 ὑφελόμενος,
1118 2831 1232 2911 οὓς
1273 2859 1445 2899 κατα
1488 2831 1609 2922 τὴν
1649 2835 2009 2920 νουμηνίαν
2054 2827 2335 2918 ἑκάστην
2377 2836 2477 2896 τί·

316 2937 529 3018 θεμεν
572 2929 774 3021 αὐτῷ.
861 2930 1206 3002 Πάνδεινα
1249 2934 1473 3022 ἐχρῆν,
1521 2930 1556 3002 5
1590 2929 1759 2999 Ἴων
1801 2932 1966 3022 ἔφη,
2013 2931 2360 3015 ἱερόσυλόν
2402 2956 2477 3017 γε

317 3031 500 3103 ὄντα.
589 3038 738 3115 πῶς
783 3023 901 3105 οὖν
946 3033 1147 3106 αὐτὸν
1190 3033 1522 3124 ἠμύνατο,
1570 3022 1625 3101 ὦ
1671 3031 2037 3118 Εὕκρατεςς
2089 3033 2308 3102 ἐθέλω
2350 3035 2476 3122 γὰρ

318 3131 636 3221 ἀκοῦσαι,
665 3139 744 3259 3613
785 3141 898 3206 καὶ
946 3138 1050 3207 ὅτι
1093 3138 1390 3224 μάλιστα
1437 3136 1667 3206 οὖτοσὶ
1717 3136 2048 3226 Τυχιάδης
2092 3131 2476 3227 ἀπιστήσει.

318 3242 607 3327 Πολλοί,
651 3227 691 3327 ἦ
740 3234 803 3308 δ’
858 3233 953 3322 ός,
1000 3240 1249 3308 ἔκειντο
1292 3234 1528 3327 ὀβολοὶ
1573 3241 1749 3328 πρὸς
1792 3255 1936 3309 τοῖν
1980 3240 2223 3307 ποδοῖν
2270 3233 2479 3307 αὐτοῦ

318 3369 430 3409 και
488 3339 662 3410 άλλα
721 3348 1104 3426 νομίσματα
1146 3342 1296 3410 ἔνια
1354 3341 1607 3429 ἀργυρᾶ
1650 3343 1826 3427 πρὸς
1883 3343 2001 3409 τὸν
2042 3340 2255 3431 μηρὸν
2298 3343 2479 3428 κηρῷ

317 3446 761 3533 κεκολλημένα
789 3447 901 3512 καὶ
946 3446 1209 3511 πέταλα
1238 3440 1375 3523 εξ’
1340 3445 1643 3532 αργύρου,
1690 3439 1878 3529 εὐχαί
1911 3467 2093 3519 τινος
2133 3432 2178 3526 ἢ
2220 3439 2477 3525 μισθὸς

320 3545 439 3614 ἐπὶ
468 3551 553 3637 τῇ
586 3543 832 3614 ἰάσει(
800 3546 1051 3614 οπόσοι
1080 3547 1178 3614 δι’
1209 3540 1411 3614 αὐτὸν
1432 3545 1819 3613 επαύσαντο
1851 3547 2120 3630 πυρετῷ
2152 3542 2475 3626 ἐχόμενοι.

319 3675 401 3737 ην
460 3649 532 3716 δὲ
586 3645 747 3736 ἡμῖν
802 3654 1029 3735 Λίβυς
1081 3672 1187 3727 τις
1246 3649 1532 3736 οἰκέτης,
1592 3646 1994 3732 κατάρατος,
2055 3644 2476 3729 ἱπποκόμος·

321 3745 518 3830 οὗτος
546 3751 933 3842 ἐπεχείρησε
963 3749 1194 3830 νυκτὸς
1222 3747 1604 3839 ὗφελέσθαι
1631 3748 1858 3815 πάντα
1885 3747 2105 3815 ἐκεῖνα
2133 3751 2245 3816 καὶ
2282 3743 2477 3836 ὖφεί-

323 3856 474 3921 λετο
516 3854 1016 3943 καταβεβηκότα
1056 3849 1183 3943 ἤδη
1228 3851 1518 3942 τηρήσας
1573 3851 1691 3917 τὸν
1738 3845 2119 3936 ἀνδριάντα.
2210 3849 2359 3918 επεὶ
2406 3850 2478 3916 δὲ

324 3955 723 4024 ἐπανελθών
764 3956 1047 4039 τάχιστα
1076 3955 1241 4042 ἔγνω
1285 3955 1890 4043 περισεσυλημένος
1926 3949 1967 4019 5
2002 3954 2308 4038 Πέλιχος,
2353 3951 2481 4037 ὅρα

324 4060 517 4137 ὅπως
557 4053 851 4148 ἠμύνατο
890 4061 1008 4127 καὶ
1054 4051 1491 4146 κατεφώρασε
1532 4054 1650 4123 τὸν
1691 4061 1951 4140 Λίβυν·
2003 4049 2101 4122 δι’
2153 4047 2311 4141 ὅλης
2352 4054 2478 4138 γὰρ
