2867 4525
463 299 588 359 164
1331 295 1744 362 [ΔΟΥΚΙΔΝΟΥ]

457 472 577 560 τῆς
631 465 1008 556 ὗπερβολῆς
1063 470 1198 534 ταῗν
1241 459 1411 551 παρ’
1467 460 1697 542 ἄλλοις
1738 464 2114 550 θαυμάτων
2160 465 2377 556 λήθην
2423 460 2655 554 ποιή-

390 588 429 644 2
466 576 729 639 σασθαι
772 573 890 658 τῆς
932 570 1282 655 πατρίδος.
1358 572 1416 634 2.
1462 591 1652 645 οστις
1694 567 1817 650 μὲν
1856 593 1972 635 ουν
2003 568 2394 652 σεμνύνεται
2426 569 2654 636 πολί-

461 698 580 762 της
635 700 730 741 ων
789 667 1184 756 εὐδαίμονος
1240 671 1538 751 πόλεως,
1594 662 1856 755 αγνοεῖν
1910 694 2031 754 μοι
2083 670 2269 739 δοκεῖ
2305 676 2461 738 τίνα
2502 669 2649 757 χρὴ

462 776 662 861 τιμὴν
707 768 1073 858 απονέμειν
1116 776 1199 861 τῇ
1242 771 1556 858 πατρίδι,
1610 772 1721 838 καὶ
1766 767 1801 838 ὅ
1850 779 2157 851 τοιοῦτος
2201 771 2400 859 δῆλός
2446 770 2656 839 ἐστιν

467 871 844 961 ἇχθόμενος
889 871 1039 964 [ἄν],
1072 875 1133 943 εἰ
1176 878 1628 961 μετριωτέρας
1673 872 1865 957 ἔλαχε
1900 877 2020 959 τῆς
2048 875 2397 962 πατρίδος.
2474 873 2647 958 ἐμοὶ

468 980 541 1046 δὲ
584 972 775 1066 ἥδιον
819 975 982 1046 αὐτὸ
1028 980 1230 1062 τιμᾶν
1274 974 1349 1043 τὸ
1394 980 1515 1063 τῆς
1558 976 1890 1061 πατρίδος
1935 972 2170 1061 ὄνομα.
2237 976 2476 1055 πόλεις
2506 976 2656 1061 μὲν

464 1081 592 1170 γὰρ
648 1082 1068 1167 παραβαλεῖν
1126 1083 1524 1166 πειρωμένῳ
1582 1078 1907 1166 προσήκει
1963 1083 2255 1165 μέγεθος
2298 1076 2651 1158 ἐξετάζειν
2671 1091 2759 1141 230

466 1186 579 1251 καὶ
623 1182 865 1260 κάλλος
909 1183 1021 1248 καὶ
1063 1179 1183 1270 τὴν
1228 1182 1362 1248 τῶν
1406 1174 1627 1249 ὠνίων
1671 1176 2054 1269 ἀφθονίαν·
2131 1174 2307 1249 ὅπου
2339 1175 2400 1247 δ’
2444 1181 2654 1267 αἵρε-

470 1291 577 1366 σίς
633 1283 778 1353 ἐστι
820 1283 1115 1365 πόλεων,
1172 1276 1392 1361 οὐδεὶς
1440 1272 1522 1349 ὃν
1567 1282 1786 1351 ἕλοιτο
1831 1283 1951 1370 τὴν
1998 1286 2470 1370 λαμπροτέραν
2515 1282 2654 1349 ἑά-

470 1410 595 1466 σας
638 1384 758 1475 τὴν
802 1386 1120 1471 πατρίδα,
1168 1378 1317 1451 ἀλλ’
1370 1380 1633 1463 εὔξαιτο
1677 1386 1798 1470 μὲν
1845 1375 1927 1453 ὂῖν
1972 1382 2146 1454 εἶναι
2188 1388 2299 1454 καὶ
2343 1384 2465 1471 τὴν
2494 1410 2656 1452 πα-

468 1489 666 1574 τρίδα
730 1500 881 1565 ταῖς
948 1481 1301 1571 εὐδαίμοσι
1368 1489 1888 1575 παραπλησίαν,
1957 1488 2177 1556 ἕλοιτο
2245 1481 2309 1553 δ’
2374 1476 2458 1554 ἃν
2509 1485 2656 1574 τὴν
2850 1507 2854 1570 Ι,

402 1608 442 1664 3
478 1587 866 1660 ὁποιανοῦν.
943 1594 1001 1657 3.
1046 1586 1122 1656 τὸ
1171 1580 1236 1654 δ’
1290 1580 1451 1655 αῧτό
1497 1591 1696 1655 τοῦτο
1740 1591 1852 1657 καὶ
1898 1591 1966 1658 οἱ
2011 1591 2260 1658 δίκαιοι
2302 1593 2436 1656 τῶν
2467 1595 2656 1656 παί-
2850 1581 2854 1650 Ι

474 1694 609 1760 δων
666 1690 1043 1774 πράττουσι
1097 1693 1209 1759 καὶ
1267 1690 1335 1757 οἱ
1379 1692 1658 1779 χρηστοὶ
1701 1694 1834 1759 τῶν
1880 1697 2225 1779 πατέρων·
2316 1687 2470 1759 οὔτε
2508 1690 2654 1776 γὰρ
2852 1691 2854 1694 ’

473 1801 621 1873 νέος
684 1792 890 1871 καλὸς
950 1785 1256 1879 κᾶγαθός
1317 1788 1522 1860 ἄλλον
1579 1782 1661 1861 ὃν
1727 1795 2142 1884 προτιμήσαι
2198 1797 2320 1861 τοῦ
2375 1791 2652 1882 πατρὸς

474 1895 629 1965 οὔτε
685 1895 911 1983 πατὴρ
953 1889 1423 1983 καταμελήσας
1476 1899 1597 1963 τοῦ
1655 1896 1908 1977 παιδὸς
1965 1896 2189 1981 ἕτερον
2237 1886 2319 1964 ὃν
2364 1893 2649 1980 στέρξαι

474 2005 659 2083 νέον,
726 1992 899 2066 ἆλλὰ
963 1995 1284 2065 τοσοῦτόν
1338 2022 1412 2084 γε
1470 1999 1537 2066 οἱ
1593 2003 1881 2082 πατέρες
1937 1999 2292 2084 νικώμενοι
2345 2002 2649 2083 προσνέ-

472 2126 679 2189 μουσι
732 2113 877 2179 τοῖς
920 2105 1193 2182 παισίν,
1253 2091 1424 2168 ὥστε
1475 2103 1585 2169 καὶ
1629 2100 1978 2170 κάλλιστοι
2020 2104 2132 2169 καὶ
2174 2105 2483 2186 μέγιστοι
2523 2101 2644 2167 καὶ

473 2220 619 2287 τοῖς
662 2207 878 2274 πᾶσιν
924 2198 1167 2289 ἄριστα
1211 2207 1572 2291 φαίνονται
1614 2209 2094 2293 κεκοσμημένοι
2138 2204 2207 2272 οἷ
2237 2202 2484 2281 παῖδες
2515 2199 2642 2269 αὖ·

475 2323 637 2385 τοῖς.
703 2300 892 2385 ὅστις
936 2305 1010 2371 δὲ
1051 2304 1141 2393 μὴ
1186 2304 1493 2384 τοιοῦτός
1537 2305 1684 2374 ἐστι
1727 2305 2042 2393 δικαστὴς
2084 2306 2260 2392 πρὸς
2302 2306 2421 2375 τὸν
2467 2305 2640 2387 υἱόν,

406 2429 446 2484 4
481 2407 557 2478 οὗ
604 2410 786 2478 δοκεῖ
824 2432 945 2492 μοι
987 2404 1249 2491 πατρὸς
1292 2399 1700 2496 ὀφθαλμοὺς
1745 2410 1932 2492 ἔχειν.
2004 2415 2064 2476 4.
2108 2410 2442 2494 πατρίδος
2490 2414 2641 2476 τοί-

476 2539 590 2582 νυν
658 2510 735 2580 τὸ
796 2505 1011 2594 ’όνομα
1066 2512 1338 2596 πρῶτον
1394 2513 1508 2577 καὶ
1565 2510 1980 2581 οἰκειότατον
2036 2511 2338 2579 πάντων·
2443 2503 2639 2578 οῦδὲν

473 2614 600 2703 γὰρ
646 2613 687 2682 δ’
727 2638 795 2681 τι
838 2615 960 2680 τοῦ
1003 2610 1263 2698 πατρὸς
1305 2610 1728 2697 οἰκειότερον.
1804 2613 1865 2681 εἰ
1910 2615 1985 2681 δέ
2025 2638 2130 2692 τις
2152 2606 2509 2698 ἶοἰπονέμει
2536 2615 2639 2699 τῷ

475 2720 686 2803 πατρὶ
731 2714 851 2803 τὴν
896 2714 1162 2782 δικαίαν
1204 2714 1422 2804 τιμήν,
1470 2707 1700 2801 ὥσπερ
1745 2718 1854 2784 καὶ
1899 2711 1936 2783 ὅ
1985 2715 2188 2802 νόμος
2216 2717 2328 2784 καὶ
2358 2709 2400 2801 ἡ
2432 2714 2640 2804 φύσις

473 2813 755 2902 κελεύει,
808 2816 1284 2906 προσηκόντως
1344 2806 1425 2884 ὃν
1475 2815 1595 2905 τὴν
1638 2818 1939 2904 πατρίδα
1981 2816 2437 2905 προτιμήσαι·
2525 2820 2640 2885 καὶ

472 2922 599 3011 γὰρ
645 2917 681 2990 ὅ
730 2918 953 3006 πατὴρ
1001 2916 1203 2997 αὐτὸς
1243 2922 1362 3005 τῆς
1400 2919 1731 3005 πατρίδος
1758 2923 1975 3008 κτῆμα
2004 2922 2116 2989 καὶ
2146 2916 2181 2988 ὅ
2214 2922 2337 2987 τοῦ
2370 2917 2639 3005 πατρὸς

473 3023 700 3112 πατὴρ
764 3025 877 3089 καὶ
947 3022 1015 3089 οἱ
1072 3020 1142 3088 ἐκ
1196 3014 1452 3090 τούτων
1510 3021 1747 3091 οἰκεῖοι
1799 3023 2051 3101 πάντες
2105 3015 2454 3109 ἀνωτέρω,
2524 3024 2635 3088 καὶ

473 3130 665 3212 μέχρι
707 3126 891 3190 θεῶν
935 3122 1271 3210 πατρῴων
1317 3123 1629 3211 πρόεισιν
1675 3118 2237 3210 ἀναβιβαζόμενον
2282 3121 2361 3191 τὸ
2400 3118 2636 3207 ὄνομα.

403 3247 442 3304 5
480 3235 538 3296 5.
578 3232 891 3311 χαίρουσι
950 3228 1059 3293 καὶ
1116 3227 1273 3293 θεοὶ
1326 3233 1607 3312 πατρίσι
1664 3229 1774 3295 καὶ
1820 3227 2048 3296 πάντα
2091 3231 2244 3311 μέν,
2299 3222 2395 3305 ὥς
2439 3225 2636 3307 εἰκός,

473 3330 777 3418 ἐφορῶσι
838 3325 921 3394 τὰ
989 3330 1126 3395 τῶν
1190 3321 1582 3415 ἀνθρώπων
1640 3325 1860 3397 αὗτῶν
1919 3325 2274 3416 ἡγούμενοι
2329 3327 2639 3416 κτήματα

470 3436 702 3500 πᾶσαν
743 3433 864 3521 γῆν
905 3431 1017 3496 καὶ
1061 3428 1448 3512 θάλατταν,
1509 3425 1618 3520 ἐφ’
1670 3425 1748 3520 ἧς
1794 3432 1866 3500 δὲ
1910 3431 2185 3509 ἕκαστος
2233 3428 2453 3498 αὐτῶν
2498 3429 2640 3518 ἐγέ-

470 3559 649 3617 νετο,
710 3535 1014 3621 προτιμᾷ
1069 3536 1203 3601 τῶν
1258 3528 1480 3600 ἄλλων
1527 3529 1816 3601 ἁπασῶν
1860 3533 2147 3602 πόλεων.
2234 3533 2347 3599 καὶ
2396 3532 2640 3612 πόλεις

473 3636 869 3723 σεμνότεραι
909 3638 1095 3702 θεῶν
1139 3634 1462 3720 πατρίδες
1506 3637 1617 3703 καὶ
1663 3639 1858 3724 νῆσοι
1894 3634 2263 3721 θειότεραι,
2309 3630 2484 3724 παρ’
2524 3633 2633 3714 αῖς
2648 3644 2726 3695 231

468 3735 775 3824 ὑμνεῖται
819 3741 1075 3825 γένεσις
1121 3740 1320 3806 θεῶν.
1391 3736 1539 3824 ἱερὰ
1582 3741 1738 3825 γοῦν
1782 3742 2219 3825 κεχαρισμένα
2262 3738 2478 3802 ταῦτα
2524 3762 2638 3804 νο-

469 3839 733 3925 μίζεται
774 3851 920 3916 τοῖς
961 3844 1177 3917 θεοῖς,
1226 3836 1505 3906 ἐπειδὰν
1549 3838 1617 3919 ἐς
1645 3838 1801 3918 τοὺς
1832 3839 2118 3917 οἰκείους
2149 3838 2428 3916 ἕκαστος
2468 3832 2637 3928 ἄφι-

469 3940 746 4024 κόμενος
792 3938 1096 4027 ἱερουργῇ
1139 3938 1410 4018 τόπους.
1488 3940 1548 4007 εἰ
1591 3941 1664 4008 δὲ
1700 3946 1897 4020 θεοῖς
1938 3947 2164 4025 τίμιον
2207 3939 2283 4006 τὸ
2332 3943 2454 4029 τῆς
2498 3967 2636 4008 πα·

470 4041 698 4130 τρίδος
753 4035 997 4122 ὄνομα,
1066 4044 1216 4118 πῶς
1271 4036 1386 4107 οὒκ
1451 4034 1852 4128 ἀνθρώποις
1912 4067 1987 4130 γε
2051 4042 2287 4129 πολλῷ
2341 4043 2637 4126 μᾶλλον,·

325 4262 336 4281 ³.

333 4284 340 4291 .

427 4454 504 4471 ,ιι-ῃ,
