2867 4525
270 647 328 690 c.
398 634 457 690 6.

270 750 327 791 c.
401 736 456 794 7.

272 1159 332 1202 c.
403 1144 461 1204 8.

837 251 1022 306 LUCIA
1030 254 1095 307 NI
1128 253 1478 309 ADVERSUS
1512 255 1870 314 INDOCTUM.
2311 261 2435 322 293

488 426 687 509 τέρῳ
720 423 738 502 Β
776 426 1355 513 [εκατέρφῙΒΒᾶῐ.
1390 463 1473 474 -
1507 429 1657 508 εἴτις
1688 475 1703 491 .
1731 475 1745 491 .
1772 476 1787 491 .
1820 429 2125 498 ω’νοῖτο
2158 429 2183 518 ΙΙ
2214 431 2438 500 ω’νεῖ-

489 550 619 591 ται
663 527 825 588 det.
868 562 956 573 —
1000 529 1256 612 ἐκφέρει
1286 527 1312 613 fl
1343 532 1675 615 ἐκφέροι
1716 529 1905 597 ΑΨΓ
1940 537 2084 597 Mat.

489 632 563 692 οἱ
608 625 843 707 πόὸες
886 627 970 712 δὴ
1004 628 1026 713 fl
1060 633 1121 708 []
1170 632 1235 694 O.
1268 634 1338 695 F.
1367 634 1650 696 Herman.

486 727 571 813 μὴ
630 728 1028 814 ἐξετάζειν
1071 730 1094 816 ΙΙ
1142 735 1460 816 ἐξέταζε
1505 736 1650 799 Oob.
1697 773 1780 782 —
1836 735 2377 821 ὑπερπηόὴσεται
2418 736 2440 824 ΙΙ

489 884 502 899 .
545 842 566 898 ⁰.
616 832 1000 919 πηόήσειε
1043 836 1207 899 det.
1254 873 1339 885 --
1384 837 1794 904 ἐπιθολώσει
1831 839 1856 921 Ι
1900 839 2341 908 ἐπιθολώσειε
2384 840 2439 906 ff

489 936 658 998 det.
699 971 787 982 —
831 936 1125 1004 αὐτοῦ
1168 937 1245 1004 τὸ
1289 941 1558 1024 ῥεῖθρον
1602 939 1628 1026 Ι
1669 940 1895 1009 αὐτὸ
1937 941 2101 1009 Aa?
2145 979 2229 991 —
2276 942 2435 1010 άπο·

490 1035 768 1123 mcv-§Ill
799 1037 1215 1105 ἀποκτείνειε
1258 1043 1423 1105 det.
1471 1042 1860 1122 (άποκτείνει
1890 1043 1995 1127 ¹1²)

490 1149 625 1206 τῶν
647 1140 771 1207 ου’κ
792 1140 1664 1229 α’φανῶνΗΟῈ.--γυμνῆς
1695 1146 1719 1228 fl
1751 1155 2151 1232 γυμνικῆς
2174 1151 2318 1210 Mut.
2349 1182 2434 1194 —-

273 1265 331 1307 c.
402 1251 461 1308 9.
486 1253 792 1332 χρυσίῳ
825 1242 1148 1333 Ηχρυσῷ
1190 1242 1368 1313 QUI*
1397 1251 1543 1311 Mut.

273 1366 333 1408 c.
367 1353 461 1409 10.

276 1780 333 1822 c.
367 1765 462 1821 11.

278 2084 334 2126 c.
365 2070 464 2131 12.

284 2907 338 2948 c.
371 2892 468 2949 13.

283 3112 337 3154 c.
373 3098 465 3157 14.

286 3930 341 3972 c.
378 3916 471 3973 15.

493 1351 888 1425 ξυλίνους
945 1351 1013 1411 δὲ
1068 1344 1480 1428 κόλλοπας
1531 1351 2042 1434 ἐπικειμένην
2088 1357 2147 1414 et
2190 1349 2273 1417 σὺ
2313 1357 2431 1430 μὲν

488 1457 795 1533 χρυσῆν
848 1446 1163 1534 δάφνην
1219 1459 1692 1535 περίκεισαι.
1779 1453 2080 1517 Structura
2124 1456 2438 1518 verborum

492 1553 785 1616 vestiendi
828 1553 904 1616 cf.
937 1554 1159 1617 Bacch.
1205 1574 1257 1620 c.
1293 1561 1351 1618 4.
1383 1557 1670 1619 Hercules
1714 1576 1768 1619 c.
1805 1563 1861 1619 ’7.
1890 1591 1978 1602 -
2005 1563 2135 1622 καὶ
2165 1581 2439 1640 περιτ-

495 1653 638 1738 τὴν
681 1653 938 1740 τρυφήν
970 1655 993 1737 ΙΙ
1027 1677 1142 1722 om.
1192 1652 1505 1722 ΔΩΨΞΙΓ

495 1760 621 1823 ἐπὶ
676 1766 788 1846 τῷ
834 1757 1082 1843 Ὀρφεῖ
1132 1758 1231 1837 ὡς
1283 1759 1523 1841 λόγος
1563 1758 1585 1845 Ι
1626 1762 1729 1825 ἐπὶ
1774 1786 1823 1828 τ.
1879 1758 2184 1848 Ὀρφείῳ
2228 1758 2439 1847 λόγῳ

496 1864 786 1940 (suprasc.
842 1857 1055 1948 μόρῳ)
1095 1857 1410 1928 ΑΩΨῖῙΓ
1454 1896 1537 1908 --
1582 1864 1646 1940 ἐς
1704 1886 1794 1927 το
1811 1870 1853 1927 ὕ
1899 1858 2303 1940 ’Λπόλλωνος
2353 1859 2442 1926 τὸ

497 1961 672 2046 ἱερὸν
713 1960 735 2047 Ι
780 1964 844 2041 ἐς
886 1960 976 2028 τὸ
1021 1972 1171 2029 τοῦ
1217 1962 1341 2031 Ἀπ.
1392 1961 1571 2048 ἱερόν
1618 1963 1749 2029 Ψῖῑ

492 2062 624 2130 ὑπὸ
670 2062 925 2132 κόλπον
951 2063 973 2149 fl
997 2063 1131 2132 ὑπὸ
1173 2064 1492 2132 κόλπου
1522 2062 1702 2131 QUI*
1730 2069 1875 2130 Mut.
1919 2103 2003 2115 —
2047 2077 2443 2150 κληρονο-

495 2162 851 2248 μήσαντα
892 2175 1006 2251 τῆς
1054 2165 1321 2250 Ὀρφέως
1363 2177 1677 2253 μουσικῆς
1720 2165 1739 2253 ss
1778 2170 2031 2231 Tuenda
2072 2170 2224 2231 haec
2265 2171 2443 2232 lectio

499 2273 753 2333 omnium
798 2272 923 2333 fere
968 2273 1284 2334 editionum
1323 2292 1634 2354 consensu,
1680 2293 2032 2352 quamquam
2065 2274 2316 2352 pel-boni
2344 2292 2444 2336 co·

500 2375 663 2436 dices
704 2370 891 2437 ΨῖῙΓ
920 2377 1064 2436 Mut.
1119 2376 1341 2437 habent
1382 2372 1991 2459 κληρονομήσας
2034 2412 2119 2423 --
2162 2373 2302 2456 ὑφ’
2347 2369 2445 2440 ὦν

498 2473 748 2554 πάντας
789 2480 1226 2557 καταθέλξειν.
1313 2479 1642 2541 Infinitivus
1684 2481 1747 2538 in
1789 2482 2054 2541 oratione
2097 2479 2341 2556 obliqua
2383 2482 2448 2539 ut

498 2580 664 2657 Nigr.
708 2584 810 2641 27.
854 2576 1124 2662 παρῄνει
1168 2584 1235 2645 δὲ
1278 2632 1292 2646 .
1341 2632 1356 2646 .
1406 2632 1419 2646 .
1483 2576 1643 2663 ὅπερ
1700 2578 1857 2657 τοὺς
1900 2579 2189 2657 πολλοὺς
2233 2594 2446 2646 ποιεῖν

500 2689 897 2763 προθεσμίας
927 2679 1367 2765 ὁριζομένους,
1415 2688 1641 2760 etpost
1684 2683 2132 2762 conjunctiones
2161 2679 2270 2764 ὡς,
2315 2678 2445 2762 ὅτε,

504 2784 658 2865 ἐπεὶ,
703 2781 932 2867 ἐπειδή.

501 2885 952 2969 ἐπιστήσεσθαι
984 2884 1008 2972 ΙΙ
1040 2884 1493 2970 ἐπικτήσεσθαι
1536 2889 1790 2968 Rocpcr,
1835 2891 2038 2964 aptum
2081 2887 2160 2947 ad
2188 2888 2447 2964 Epicteti

499 3008 733 3052 nomen.

500 3098 624 3157 τοῦ
648 3095 1177 3157 Καλυδωνίον
1209 3088 1233 3175 ΙΙ
1264 3092 1401 3152 add.
1430 3088 1551 3169 ὑὸς
1575 3092 1720 3154 Oob.
1749 3125 1836 3136 -
1864 3086 2062 3168 αὐτὸς
2093 3093 2158 3155 δὲ
2190 3086 2216 3173 Ι
2246 3082 2447 3167 ἄλλος

501 3198 567 3258 δὲ
596 3197 699 3272 qui
730 3197 914 3274 paulo
948 3200 1088 3272 post
1114 3198 1447 3256 nominatur
1475 3196 1810 3271 Dionysius.
1847 3193 2012 3255 det.
2041 3228 2130 3238 —
2157 3200 2290 3258 καὶ
2321 3191 2450 3258 αὐ-

501 3293 620 3361 τὸν
665 3301 732 3360 σὲ
765 3294 789 3381 ΙΙ
821 3315 944 3363 om.
993 3303 1127 3361 καὶ
1153 3293 1415 3361 ΑΩΨΓ
1445 3299 1589 3361 Mut.
1620 3332 1703 3343 —-
1737 3294 1931 3380 ὁρᾷς
1958 3292 2177 3373 ὅπως
2219 3319 2448 3362 κακο-

502 3396 904 3477 δαιμόνως
933 3396 1339 3465 διάκεισαι
1366 3405 1803 3481 βακτηρίας
1834 3400 1907 3475 ἐς
1936 3395 2078 3480 τὴν
2108 3395 2448 3479 κεφαλὴν

503 3499 606 3580 ὡς
651 3500 972 3585 άληθῶς
1015 3498 1394 3579 δεόμενος
1424 3498 1450 3584 ΙΙ
1483 3495 1543 3586 []
1589 3500 1754 3563 det.
1842 3500 1952 3562 Est
1991 3501 2176 3580 haec,
2220 3503 2448 3579 opinor,

500 3606 947 3684 indignabunda
990 3606 1235 3666 alicuius
1277 3606 1506 3667 librarii
1550 3605 1928 3683 exclamatio,
1976 3604 2182 3680 quales
2225 3605 2451 3682 passim

500 3708 876 3768 inveniuntur
919 3709 978 3768 in
1024 3706 1322 3768 codicibus
1365 3706 1718 3784 adscriptae.
1811 3705 1926 3766 Pro
1971 3708 2009 3768 ὃ
2030 3728 2051 3768 ι
2076 3698 2116 3768 α’
2140 3726 2179 3767 κ
2203 3726 2232 3767 ε
2256 3730 2276 3766 ι
2303 3719 2341 3766 σ
2363 3726 2403 3766 α
2428 3729 2449 3767 ι

500 3810 816 3888 legendum
861 3828 992 3870 cum
1035 3802 1213 3872 0211*
1258 3804 1630 3873 ὃιάκειτα
1649 3833 1687 3873 ι.

502 3916 631 3975 καὶ
674 3907 872 3988 αὐτὸς
910 3903 1074 3997 ᾤετο
1107 3906 1335 3988 ἔνθεος
1364 3912 1623 3974 ἔσεσθαι
1656 3905 1681 3992 ss
1712 3927 1826 3970 om.
1858 3913 1987 3972 καὶ
2017 3901 2278 3972 ΑΩΨΓ
2308 3908 2449 3969 Mat.

502 4048 589 4059 -·
632 4019 957 4096 Λωρίόιον
999 4008 1154 4095 ἧκεν
1186 4012 1210 4093 ΙΙ
1241 4016 1453 4096 Δωρὶς
1496 4015 1805 4093 τέθνηκεν
1849 4013 1987 4074 Hm.
