2867 4525
409 258 529 319 136
1304 255 1680 310 ΔΟΥΚΙΑΝΟΥ

401 428 478 498 w*
526 429 858 514 παράπαν
904 425 964 496 εἰ
1021 425 1418 506 ἐξέπλευσεν
1455 418 1796 513 Ἀπελλῆς
1847 423 1920 502 ἐς
1970 424 2184 510 Τύρον
2227 424 2565 508 ἐξετάσας,

403 525 612 610 εῦθῦς
656 530 811 599 ἕαδε
853 534 1116 618 μηνίειν
1159 527 1247 612 (†)
1298 529 1411 595 καὶ
1467 530 1631 616 βοῆς
1685 526 2072 611 ἐνεπίμπλα
2114 526 2199 595 τὰ
2252 528 2567 612 βασίλεια

400 633 521 702 τδν
565 628 924 718 ἀχάριστον
966 628 1295 717 κεκραγὼς
1322 631 1435 698 καὶ
1464 629 1585 698 τὸν
1628 628 1987 715 ἐπίβουλον
2015 630 2131 696 καὶ
2160 628 2567 718 συνωμότην.
2589 646 2682 698 130

400 738 515 803 καὶ
561 735 628 802 εἰ’
664 759 740 823 γε
781 732 873 824 μὴ
918 735 1053 801 τῶν
1089 733 1624 821 συνειλημμένων
1666 754 1773 810 τις
1815 724 2280 819 ἀγανακτήσας
2323 729 2440 799 ἐπὶ
2482 735 2570 822 τῇ

399 840 522 905 τοῦ
560 837 952 925 Ἀντιφίλου
996 828 1432 924 αναισχυντίᾳ
1471 836 1586 903 καὶ
1626 833 1748 902 τὸν
1792 828 2042 901 αθλιον
2066 826 2408 923 Ἀπελλῆν
2449 859 2571 902 κα·-

401 938 721 1031 τελεήσας
741 938 871 1029 ἔφη
894 935 1178 1026 μηδενὸς
1202 930 1432 1016 αῦτοῖς
1459 938 2002 1024 κεκοινωνηκέναι
2025 933 2144 1003 τὸν
2173 930 2568 1022 ανθρωπον,

405 1034 825 1130 ἀπετέτμητο
872 1067 953 1108 αν
1006 1037 1127 1128 τὴν
1169 1036 1471 1128 κεφαλὴν
1511 1042 1627 1107 καὶ
1682 1036 2278 1124 παραπολελαύκει
2319 1040 2454 1105 τῶν
2498 1038 2571 1107 ἐν

331 1156 372 1213 4
412 1142 607 1231 Τύρῳ
649 1167 866 1211 κακων
920 1135 1112 1210 οῦδὲν
1166 1134 1367 1220 αὐτὸς
1424 1140 1644 1220 α’ίτιος
1695 1138 1996 1227 γεγονώς.
2085 1146 2146 1207 4
2192 1136 2228 1208 o‘
2275 1140 2397 1225 μὲν
2454 1126 2570 1209 οῦν

401 1248 830 1331 Πτολεμαῖος
874 1235 1050 1311 ούτω
1081 1245 1342 1330 λέγεται
1374 1242 1823 1331 αἰσχυνθῆναι
1852 1240 1974 1310 ἐπὶ
2016 1254 2163 1321 τοῖς
2203 1242 2568 1330 γεγονόσιν,

401 1369 580 1415 ωστε
619 1345 741 1414 τὸν
782 1346 904 1430 μὲν
939 1339 1272 1434 Ἀπελλῆν
1318 1344 1552 1413 ἑκατὸν
1594 1343 1953 1423 ταλάντοις
1996 1342 2401 1432 ἐδωρήσατο,
2450 1343 2569 1412 τὸν

402 1449 476 1518 δὲ
518 1451 905 1538 Ἀντίφιλον
950 1446 1287 1516 δουλεύειν
1334 1440 1518 1533 αύτῷ
1560 1447 1965 1535 παρέδωκεν.
2039 1443 2075 1516 o‘
2125 1446 2198 1515 δὲ
2232 1441 2568 1535 Ἀπελλῆς

400 1543 496 1617 ὦν
538 1549 1096 1635 παρεκινδύνευσε
1136 1553 1554 1638 μεμνημένος
1579 1549 1813 1639 τοιᾷδέ
1853 1574 1991 1618 τινι
2035 1543 2304 1617 εἰκόνι’
2269 1548 2564 1638 ημύνατσ

325 1665 366 1722 5
397 1651 519 1741 τὴν
563 1651 903 1742 διαβολήν.
977 1658 1037 1719 5.
1083 1650 1153 1719 ἐν
1185 1650 1373 1741 δεξιᾷ
1397 1675 1506 1730 τις
1539 1648 1704 1738 ἀνὴρ
1729 1650 2031 1739 κάθηται
2060 1649 2147 1719 τὰ
2190 1677 2333 1718 ωτα
2375 1669 2677 1737 nau-131

396 1759 653 1842 μεγέθη
713 1753 878 1837 ἔχων
934 1755 1174 1842 μικροῦ
1231 1753 1368 1822 δεῖν
1433 1766 1580 1833 τοῖς
1627 1756 1751 1821 τοῦ
1804 1753 2040 1821 Μίδου
2096 1753 2565 1840 προσεοικότα,

395 1853 516 1943 τὴν
556 1867 749 1941 χεῖρα
778 1861 1153 1941 προτείνων
1182 1853 1551 1941 πόρρωθεν
1580 1854 1683 1923 ἔτι
1716 1854 2095 1943 προσιούσῃ
2124 1857 2208 1944 τῇ
2234 1854 2566 1943 Διαβολῇ.

398 1958 561 2046 περὶ
608 1956 680 2025 δὲ
725 1950 928 2026 αῦτδν
958 1955 1196 2025 ἑστᾶσι
1227 1955 1344 2025 δύο
1387 1970 1707 2043 γυναῖκες,
1737 1952 2025 2044 Ἀγνοιά
2066 1982 2187 2043 μοι
2232 1957 2415 2026 δοκεῖ
2453 1960 2568 2026 καὶ

391 2055 797 2149 Ὑπόληψις·
854 2058 1189 2147 ἑτέρωθεν
1235 2057 1307 2126 δὲ
1351 2063 1796 2147 προσέρχεται
1837 2055 1878 2149 ἦ
1923 2059 2251 2149 Διαβολή,
2294 2060 2568 2147 γύναιον
2605 2049 2614 2060 ’

399 2161 496 2241 εἷς
540 2157 923 2250 ῦπερβολῂν
966 2160 1339 2249 πάγκαλον,
1396 2156 1797 2248 ὗπόθερμον
1842 2161 1916 2228 δὲ
1964 2164 2079 2230 καὶ
2123 2186 2566 2251 παρακεκινη-

393 2271 615 2351 μένον,
664 2264 806 2334 οῐον
854 2261 932 2351 δὴ
976 2261 1097 2354 τὴν
1126 2261 1406 2332 Λύτταν
1447 2265 1561 2331 καὶ
1603 2263 1723 2352 τὴν
1749 2256 1987 2356 Ὀργὴν
2033 2264 2441 2344 δεικνύουσα,
2482 2267 2566 2353 τῇ

396 2366 518 2451 μὲν
564 2363 883 2455 ἀριστερᾷ
928 2365 1101 2456 δᾷδα
1128 2369 1484 2454 καιομένην
1514 2365 1773 2450 ἔχουσα,
1817 2374 1905 2457 τῇ
1941 2365 2136 2456 ἑτέρᾳ
2180 2367 2254 2435 δὲ
2298 2372 2566 2435 νεανίαν

393 2466 547 2536 τινὰ
601 2471 738 2535 τῶν
800 2470 1045 2555 τριχῶν
1095 2466 1391 2553 σύρουσα
1452 2467 1579 2547 τὰς
1635 2482 1866 2557 χεῖρας
1929 2466 2249 2558 ὀρέγοντα
2315 2467 2384 2547 ἒς
2445 2467 2566 2537 τὸν

394 2565 681 2697 ούρανδν
733 2571 848 2638 καὶ
900 2571 1400 2657 μαρτυρόμενον
1444 2595 1603 2649 τους
1656 2569 1883 2650 θεούς.
1967 2566 2231 2658 ἡγεῖται
2274 2571 2346 2640 δὲ
2391 2565 2559 2662 άνὴρ
2581 2590 2673 2641 132

393 2672 609 2761 ὠχρὸς
635 2668 825 2742 nal*
779 2697 1106 2763 αμορφος,
1152 2666 1271 2752 ὀξυ
1302 2671 1666 2793 δεδορκώς
1658 2673 1774 2740 καὶ
1807 2671 2043 2752 ἐοικὼς
2069 2686 2215 2751 τοῖς
2258 2673 2332 2741 ἐκ
2362 2673 2564 2742 νόσου

392 2779 651 2864 μακρᾶς
705 2773 1203 2865 κατεσκληκόσι.
1289 2777 1528 2843 τοῦτον
1587 2760 1705 2843 οῦν
1761 2770 1936 2844 εἶναι
1989 2773 2110 2844 τὸν
2157 2775 2437 2843 Φθόνον
2482 2771 2563 2844 άν

391 2901 493 2956 τις
535 2877 842 2946 εἰκάσειε.
926 2879 1038 2946 καὶ
1080 2875 1214 2966 μὴν
1254 2878 1368 2945 καὶ
1414 2873 1619 2945 αλλαι
1659 2877 1839 2955 τινὲς
1882 2875 2001 2945 δύο
2046 2881 2563 2965 παρομαρτοῦσι

391 2985 906 3067 προτρέπουσαι
946 2981 1061 3047 καὶ
1103 2980 1667 3067 περιστέλλουσαι
1707 2980 1822 3046 καὶ
1857 2982 2400 3065 κατακοσμοῦσαι
2440 2979 2563 3068 τὴν

392 3080 759 3168 Διαβολήν.
838 3077 932 3159 ὥς
975 3080 1051 3147 δέ
1093 3106 1214 3166 μοι
1255 3082 1370 3148 καὶ
1411 3079 1662 3159 ταύτας
1705 3074 2029 3169 εμήνυσεν
2074 3077 2110 3149 6
2157 3080 2564 3203 περιηγητὴς

390 3185 513 3268 τῆς
544 3180 818 3263 εἰκόνος,
861 3176 901 3267 ἦ
934 3185 1057 3267 μέν
1082 3206 1189 3262 τις
1210 3166 1643 3271 Ἐπιβουλὴ*
1599 3208 1783 3271 ην,η
1743 3178 1890 3269 ἡδὲ
1911 3176 2200 3272 Ἀπάτη.
2274 3183 2563 3252 κατόπιν

393 3284 467 3352 δὲ
510 3277 876 3373 ἠκολούθει
914 3282 1096 3352 πάνυ
1125 3287 1474 3363 πενθικῶς
1499 3308 1606 3364 τις
1636 3282 2100 3374 ἐσκευασμένη,
2143 3287 2563 3372 μελανείμων

389 3388 504 3455 καὶ
545 3389 1163 3474 κατεσπαραγμένη,
1207 3386 1570 3455 Μετάνοια
1611 3383 1805 3471 οἶμαι
1849 3385 2013 3477 αῦτη
2058 3386 2323 3473 ἐλέγετο
2338 3405 2355 3422 ·
2402 3387 2562 3456 ἐπε-

388 3494 718 3578 στρέφετο
773 3491 933 3577 γοῦν
998 3486 1068 3567 ἐς
1130 3481 1439 3557 τούπίσω
1506 3489 1886 3576 δακρύουσα
1946 3489 2062 3556 καὶ
2116 3482 2262 3575 μετ’
2327 3488 2565 3570 αἰδοῦς

386 3589 569 3659 πάνυ
625 3591 747 3681 τὴν
781 3584 1157 3681 Ἀλήθειαν
1211 3593 1631 3677 προσιοῦσαν
1684 3586 2087 3677 ῦπέβλεπεν.
2175 3583 2391 3670 οὕτως
2435 3591 2563 3677 μὲν

382 3685 718 3782 Ἀπελλῆς
760 3691 880 3761 τὸν
922 3692 1164 3761 ἑαυτοῦ
1203 3692 1508 3761 κίνδυνον
1540 3692 1658 3762 ἐπὶ
1691 3696 1813 3783 τῆς
1852 3696 2118 3782 γραφῆς
2161 3691 2560 3780 ἐμιμήσατο.

317 3809 356 3864 6
562 3798 622 3861 6.
674 3798 849 3878 Φέρε
891 3793 964 3862 δὲ
992 3796 1106 3863 καὶ
1133 3790 1344 3880 ἡμεῖς,
1390 3794 1454 3863 εἰ
1484 3794 1684 3877 δοκεῖ,
1727 3794 1898 3863 κατὰ
1940 3795 2062 3884 τὴν
2103 3798 2226 3864 τοῦ
2245 3788 2668 3885 Ἕφεσίου133

390 3894 743 3983 ζωγράφου
798 3900 1027 3985 τέχνην
1094 3895 1475 3983 διέλθωμεν
1537 3896 1625 3964 τὰ
1690 3896 2035 3985 προσόντα
2098 3900 2183 3986 τῇ
2249 3899 2557 3988 διαβολῇ,

388 3994 719 4083 πρότερόν
760 4020 836 4082 γε
878 3988 1017 4084 ὅρῳ
1044 4001 1182 4067 τινὶ
1216 3997 1761 4086 περιγράψαντες
1806 3997 2036 4089 αὐτήν·
2083 3991 2258 4068 οῦτω
2300 3999 2427 4086 γὰρ
2473 3990 2558 4069 ὃν
