2867 4525
739 263 889 317 ΠΕΡΙ
921 262 1050 318 ΤΟΥ
1085 262 1184 318 ΜΗ
1220 264 1378 317 ΡΑιΔᾲ
1415 263 1583 317 ΠΙΣΤ.
1620 263 1939 318 ΔΙΑΒΟΛΗι.
2299 266 2421 325 139

246 429 638 499 τελευταῖον
698 424 955 516 ἀτίμως
1002 432 1349 516 ἐξέωσται,
1406 429 1443 499 5
1501 434 1574 501 δὲ
1626 435 2258 522 κολακευτικώτερος
2312 439 2423 502 καὶ

248 531 436 620 πρὸς
487 531 610 612 τὰς
674 533 995 613 τοιαύτας
1058 539 1466 622 κακοηθείας
1529 535 2006 623 πιθανώτερος
2070 530 2421 622 εὐδοκιμεῖ,

251 637 374 703 καὶ
418 634 594 714 ὅλως
639 634 923 723 φθάσας
965 650 1218 720 κρατεῖ·
1257 636 1333 705 τὸ
1379 636 1508 725 γὰρ
1548 640 1669 706 τοῦ
1693 634 1980 726 Ὁμήρου
2025 639 2207 706 πάνυ
2254 638 2423 706 ἐπα-

255 736 686 826 ληθεύουσιν,
731 730 842 805 ὅτι
884 762 993 805 τοι

513 837 705 918 ξυνὸς
740 835 1079 919 Ἐνυάλιος
1121 843 1232 908 καὶ
1275 841 1394 909 τὸν
1440 846 1786 911 κτενέοντα
1829 849 2128 912 κατέκτα.

247 945 609 1028 τοιγαροῐν
653 937 745 1020 ὥς
790 935 866 1008 ού
912 944 1072 1029 περὶ
1115 947 1368 1030 μικρῶν
1405 948 1529 1012 τοῦ
1574 939 1830 1032 ἀγῶνος
1873 941 2066 1027 ὄντος
2109 948 2424 1024 ποικίλας

243 1039 395 1109 κατ’
449 1037 758 1133 ἀλλήλων
800 1040 998 1123 όδούς
1044 1044 1452 1129 ἐπινοοῦσιν,
1506 1041 1601 1114 ὦν
1644 1055 1920 1137 ταχίστη
1965 1049 2078 1116 καὶ
2122 1047 2423 1135 ἐπισφα·

251 1145 539 1234 λεστάτη
587 1144 769 1214 ἐστὶν
811 1142 851 1234 ἦ
899 1156 1017 1235 τῆς
1049 1147 1387 1237 διαβολῆς,
1433 1148 1556 1237 τὴν
1584 1150 1707 1235 μὲν
1745 1146 1949 1238 ἀργὴν
1978 1145 2118 1218 ἀπὸ
2154 1149 2422 1237 φθόνου

246 1237 290 1335 ἢ
319 1252 564 1331 μίσους
594 1243 947 1327 εὐέλπιδος
979 1248 1434 1335 λαμβάνουσα,
1483 1251 1869 1337 οἰκτρότερα
1901 1254 1973 1321 δὲ
2000 1255 2114 1322 καὶ
2142 1251 2420 1339 τραγικὰ

247 1348 596 1435 ἐπάγουσα
641 1349 727 1417 τὰ
769 1352 923 1440 τέλη
955 1354 1066 1418 καὶ
1098 1353 1367 1419 πολλῶν
1405 1357 1769 1441 συμφορῶν
1801 1348 2126 1422 ἀνάπλεα.
2207 1362 2305 1424 11.
2338 1350 2415 1422 ού
2451 1367 2522 1421 11

243 1455 482 1537 μέντοι
509 1449 753 1537 μικρὸν
778 1447 930 1520 οὐδὲ
963 1448 1223 1521 ἀπλοῦν
1253 1455 1399 1523 ἐστι
1428 1459 1645 1536 τοῦτο,
1695 1451 1784 1534 ὥς
1816 1451 1898 1522 ἄν
1928 1481 2031 1534 τις
2060 1453 2418 1541 ὑπολάβοι,

130 1571 226 1622 141
252 1548 426 1620 ἀλλὰ
460 1554 716 1640 πολλῆς
744 1554 864 1638 μὲν
893 1560 1137 1645 τέχνης,
1185 1553 1301 1624 οὐκ
1331 1551 1562 1645 ὀλίγης
1598 1557 1672 1624 δὲ
1703 1553 2061 1642 ἀγχινοίας,
2109 1551 2422 1644 ἀκριβοῦς

243 1656 319 1723 δέ
348 1681 534 1734 τινος
563 1650 951 1740 ἐπιμελείας
981 1657 1329 1742 δεόμενον·
1377 1653 1456 1726 οὗ
1490 1657 1619 1745 γὰρ
1654 1649 1734 1726 ἀν
1763 1662 2060 1728 τοσαῦτα
2090 1659 2419 1746 ἔβλαπτεν

240 1754 280 1845 ἡ
330 1757 642 1844 διαβολή,
703 1757 763 1824 ἐἰ
806 1757 894 1844 μὴ
957 1759 1262 1826 πιθανόν
1304 1785 1458 1828 τινα
1500 1760 1758 1846 τρόπον
1806 1760 2087 1848 ἐγίνετο·
2142 1755 2284 1828 οὐδ’
2338 1752 2420 1829 ἃν

238 1866 554 1942 κατίσχυε
596 1849 715 1947 τὴν
770 1860 1045 1929 πάντων
1093 1861 1522 1949 ἰσχυροτέραν
1575 1856 1934 1951 ἀλήθειαν,
1997 1863 2058 1930 εἰ
2105 1863 2193 1950 μὴ
2242 1862 2417 1931 πολὺ

238 1960 317 2029 τὸ
369 1961 719 2048 ἐπαγωγὸν
761 1966 873 2031 καὶ
918 1964 1223 2031 πιθανὸν
1267 1966 1378 2031 καὶ
1423 1970 1631 2050 μυρία
1699 1961 1871 2033 ἄλλα
1916 1966 2417 2054 παρεσκεύαστο

239 2062 414 2130 κατὰ
443 2067 579 2131 τῶν
610 2061 1002 2132 ἀκουόντων.
1085 2071 1183 2133 12.
1216 2066 1653 2151 διαβάλλεται
1687 2068 1809 2152 μὲν
1839 2053 1957 2136 σύν
1989 2064 2081 2147 ὥς
2109 2068 2186 2136 τὸ
2234 2068 2411 2135 πολὺ
2448 2084 2521 2141 12

238 2165 540 2250 μάλιστα
584 2162 618 2233 5
666 2166 1040 2251 τιμώμενος
1095 2171 1207 2235 καὶ
1252 2167 1366 2236 διὰ
1409 2172 1609 2236 τοῦτο
1658 2182 1804 2248 τοῖς
1847 2165 2419 2255 ὗπολειπομένοις

243 2263 452 2336 αὐτοῦ
507 2264 923 2358 ἐπίφθονος·
983 2269 1277 2351 ἅπαντες
1336 2270 1464 2357 γὰρ
1522 2268 1684 2359 τῷδ’
1746 2272 2262 2354 ἐπιτοξάζονται
2303 2299 2417 2340 κα-

239 2369 478 2458 θάπερ
523 2398 593 2441 τι
634 2370 907 2458 κώλυμα
935 2376 1048 2440 καὶ
1081 2372 1409 2457 ἐμπόδιον
1449 2374 1936 2461 προορώμενοι,
1983 2380 2096 2444 καὶ
2142 2377 2415 2454 ἕκαστος

240 2473 463 2541 οἴεται
520 2478 787 2560 πρῶτος
846 2470 1047 2553 αὐτὸς
1101 2475 1389 2544 ἔσεσθαι
1430 2474 1967 2565 τόνκορυφαῖον
2014 2477 2261 2546 ἐκεῖνον
2309 2477 2412 2545 ἐκ·

236 2577 697 2664 πολιορκήσας
750 2579 861 2645 καὶ
916 2581 1037 2666 τῆς
1098 2579 1334 2663 φιλίας
1387 2571 2041 2663 ἀποσκευασάμενος.
2145 2579 2290 2647 οἶόν
2345 2605 2412 2646 τι

235 2680 351 2745 καὶ
396 2676 516 2746 ἐπὶ
559 2693 704 2758 τοῖς
744 2694 1082 2766 γυμνικοῖς
1129 2678 1372 2766 ἀγῶσιν
1407 2678 1524 2746 ἐπὶ
1566 2683 1700 2746 τῶν
1730 2680 2033 2767 δρομέων
2077 2687 2409 2765 γίγνεται·

234 2774 429 2847 κάκεῖ
481 2778 609 2867 γὰρ
668 2778 704 2849 5
762 2782 886 2867 μὲν
945 2776 1209 2869 ἀγαθὸς
1261 2780 1543 2866 δρομεὺς
1598 2784 1719 2868 τῆς
1773 2781 2153 2869 ὕσπληγγος
2209 2775 2413 2859 εὐθὺς

129 2905 219 2956 142
239 2883 756 2973 καταπεσούσης
783 2884 990 2969 μόνον
1019 2887 1141 2951 τοῦ
1170 2883 1409 2969 πρόσω
1438 2881 1926 2972 ἐφιέμενοςκαὶ
1955 2882 2075 2969 τὴν
2107 2882 2411 2950 διάνοιαν

238 2976 614 3064 ἀποτείνας
656 2985 832 3072 πρὸς
884 2984 960 3053 τὸ
1008 2989 1218 3070 τέρμα
1260 2980 1382 3054 κάν
1440 2999 1585 3065 τοῖς
1628 2989 1797 3054 ποσὶ
1840 2985 1960 3074 τὴν
2005 2983 2252 3052 ἐλπίδα
2295 2988 2410 3074 τῆς

237 3092 424 3175 νίκης
469 3089 635 3170 ἔχων
680 3091 777 3175 τῷ
822 3090 1113 3174 πλησίον
1159 3082 1349 3154 οὐδὲν
1379 3102 1729 3175 κακουργεῖ
1771 3081 1926 3155 ούδέ
1968 3113 2037 3157 τι
2078 3091 2199 3155 τοῦ
2241 3087 2409 3155 κατὰ

233 3188 396 3267 τοὺς
456 3184 833 3274 ἀγωνιστὰς
888 3191 1470 3277 πολυπραγμονεῖ,
1529 3186 1565 3258 5
1628 3190 1702 3259 δὲ
1751 3188 1951 3280 κακὸς
2003 3189 2250 3269 ἐκεῖνος
2298 3193 2410 3257 καὶ

236 3285 548 3370 ἄναθλος
580 3285 1074 3380 ἀνταγωνιστὴς
1105 3290 1441 3378 ἀπογνοὺς
1469 3292 1590 3380 τὴν
1621 3291 1691 3359 ἐκ
1718 3295 1840 3359 τοῦ
1878 3291 2119 3376 τάχους
2163 3290 2408 3359 ἐλπίδα

234 3392 353 3462 ἐπὶ
385 3391 508 3479 τὴν
541 3400 970 3477 κακοτεχνίαν
1001 3393 1349 3479 ἐτράπετο,
1393 3398 1507 3462 καὶ
1545 3402 1741 3461 τοῦτο
1772 3393 1977 3478 μόνον
2011 3392 2083 3471 ἐξ
2109 3386 2409 3471 ἅπαντος

235 3509 501 3577 σκοπεῖ,
548 3488 740 3573 ὅπως
783 3493 900 3562 τὸν
943 3500 1258 3581 τρέχοντα
1297 3486 1665 3585 ἐπισχώνῆ
1709 3495 2086 3580 ἐμποδίσας
2131 3493 2406 3562 ἐπιστο-

230 3612 397 3683 μιεῑ,
444 3593 558 3680 ὥς,
606 3597 666 3666 εἰ
709 3597 948 3665 τούτου
981 3597 1362 3684 διαμάρτοι,
1408 3594 1526 3666 οὐκ
1561 3594 1642 3665 ἀν
1685 3622 1856 3664 ποτε
1899 3600 2162 3681 νικῆσαι
2207 3595 2406 3663 δυνά-

229 3724 454 3784 μενος.
526 3696 780 3784 ὁμοίως
811 3700 883 3767 δὲ
913 3699 1178 3778 τούτοις
1204 3697 1326 3767 κάν
1355 3714 1505 3778 ταῖς
1535 3702 1800 3787 φιλίαις
1827 3702 1962 3766 τῶν
1994 3692 2405 3782 εὐδαιμόνων

230 3797 490 3870 τούτων
534 3809 821 3888 γίνεται·
868 3796 904 3867 5
951 3800 1078 3887 γὰρ
1125 3806 1428 3888 προέχων
1473 3795 1712 3868 αὐτίκα
1744 3800 2250 3887 ἐπιβουλεύεται
2294 3805 2404 3870 καὶ

123 3925 212 3976 143
237 3897 627 3991 ἀφύλακτος
674 3903 742 3970 ἐν
770 3909 955 3990 μέσῳ
986 3905 1280 3991 ληφθεὶς
1308 3906 1439 3969 τών
1473 3902 1814 3988 δυσμενῶν
1860 3901 2290 3994 ἀνηρπάσθη,
2337 3905 2402 3971 οἱ

231 4006 306 4074 δὲ
350 4000 754 4094 ἀγαπῶνται
797 4009 909 4073 καὶ
956 4007 1149 4093 φίλοι
1195 4005 1501 4071 δοκοῦσιν
1538 4003 1612 4082 ἐξ
1652 3997 1744 4073 ὧν
1791 4001 2032 4086 ἄλλους
2073 4005 2403 4091 βλάπτειν
