2867 4525
466 296 588 355 306
1203 294 1583 349 ADNOTATlo
1620 293 1889 348 cRrrch.

464 489 518 530 e.
546 473 646 530 38.
678 464 836 545 ὅσας
895 471 961 534 δέ
1020 474 1156 533 καὶ
1200 464 1580 551 καθαιρήσω
1622 464 1644 552 Ι
1687 488 1797 532 om.
1847 472 1955 531 καὶ
1997 463 2231 534 Acon
2275 501 2358 513 —
2408 471 2490 531 αἳ
2531 465 2632 532 ἂν

675 567 1000 652 ὑβρίσωσί
1048 595 1109 634 τι
1150 567 1172 655 Ι
1214 573 1291 635 οἳ
1334 567 1417 634 ἂν
1477 571 1709 631 incolae
1766 570 1993 630 urbium
2048 588 2156 647 pro
2198 571 2344 646 ipsis
2385 570 2630 631 urbibus

675 667 911 736 Acmt
2418 732 2431 743 .

464 793 517 834 e.
546 779 646 835 39.
678 769 1102 851 ἐκστάδιος
1132 768 1589 855 ΙΙὲκστάδιος
1612 771 1780 832 det.
1805 767 2424 849 ἓξαστάδιοςΑΟΩἳῐ
2447 775 2524 834 of.
2549 774 2632 835 ad

676 894 726 937 o.
780 881 870 939 16.
929 911 1011 920 —
1063 871 1564 957 προτεινόμενος
1607 869 1628 956 fl
1669 892 1790 935 non
1852 891 2004 950 opus
2073 879 2164 934 est
2212 879 2438 936 mutare
2494 896 2629 938 eum

677 976 898 1039 Cobeto
942 980 1003 1037 in
1048 982 1430 1059 προπίνων;
1481 979 1715 1054 spectat
1759 978 1915 1036 enim
1960 975 2037 1035 ad
2081 993 2213 1037 eum
2256 972 2630 1054 potissimum

671 1080 894 1156 luxum,
941 1096 1056 1154 quo
1088 1098 1242 1155 quae
1271 1078 1668 1155 protendebat
1695 1079 2126 1155 pretiosissima
2168 1081 2389 1155 poeula
2430 1080 2510 1140 ad
2536 1080 2629 1142 bi-

676 1180 930 1241 bendum
977 1180 1186 1241 eadem
1231 1179 1547 1240 obferebat
1593 1180 1748 1241 dono
1795 1181 2063 1240 convivis
2111 1180 2200 1242 Of.
2247 1199 2296 1246 o.
2335 1185 2438 1242 23.

468 1302 516 1342 e.
552 1279 829 1344 ι1[.ι.κατ’
874 1279 1101 1360 ὀλίγον
1143 1277 1164 1363 Ι
1202 1279 1347 1358 μετ’
1393 1280 1624 1360 ὀλίγον
1671 1281 1815 1343 Gob.

468 1406 516 1445 o,
548 1394 640 1446 -11,
680 1380 719 1446 ἓι
766 1378 1030 1459 εἰκότως
1075 1385 1358 1461 διέβαλες
1386 1383 1406 1463 ΙΙ
1437 1380 1477 1446 ἃ
1521 1384 1679 1445 male
1723 1385 2004 1443 insertum
2037 1384 2212 1445 eiecit
2236 1383 2352 1444 Bk.
2383 1417 2469 1430 —
2500 1383 2628 1449 οὐκ

676 1479 1012 1565 αἰτήσομαι
1053 1482 1073 1567 ΙΙ
1117 1504 1241 1546 om.
1285 1480 1540 1550 Aona.
1615 1484 2004 1546 Retinendum
2047 1487 2224 1563 igitur
2264 1488 2482 1547 solum:
2541 1483 2628 1550 τὰ

676 1593 936 1664 δείματα
979 1636 993 1650 .
1043 1636 1057 1650 .
1106 1637 1121 1651 .
1171 1582 1518 1663 εἰκότως
1563 1589 1950 1664 διέβαλες.

468 1710 516 1746 [ς.
548 1694 644 1746 -1-1,
680 1687 868 1751 οἰδὲν
926 1686 1049 1768 γὰρ
1095 1685 1351 1769 δεήσει
1391 1712 1484 1766 με
1526 1696 1734 1752 ταῦτα
1779 1684 2011 1768 ἔχοντα
2053 1685 2075 1773 Ι
2116 1687 2308 1753 οὐδὲν
2351 1686 2473 1770 γὰρ
2521 1681 2626 1751 ἐν·

680 1785 876 1870 δεήσει
918 1812 962 1864 μ
981 1813 1017 1853 ο
1036 1814 1056 1852 ι
1099 1796 1304 1853 ταῦτα
1349 1792 1624 1870 ἔχοντι
1654 1790 1820 1852 det.
1852 1823 1935 1834 —-
1967 1783 2429 1868 ἐπιπετόμενος
2458 1790 2478 1873 ΙΙ
2506 1811 2624 1852 om.

680 1894 778 1954 ἐπι
832 1887 1067 1956 Acfflt
1122 1927 1207 1938 --
1261 1889 1478 1957 πάντα
1534 1891 1655 1976 γὰρ
1715 1890 1831 1968 ἐμὰ
1884 1887 1969 1977 ἦν
2026 1889 2108 1957 ἂν
2223 1893 2340 1954 del.
2401 1891 2483 1958 ἂν
2535 1927 2627 1938 -—

680 1990 902 2076 ἑώρων
957 1985 1037 2058 ἄν
1091 1998 1253 2055 reete
1307 1993 1380 2054 de
1434 1996 1506 2055 iis
1560 2013 1714 2071 quae
1756 1995 2074 2055 identidem
2118 2000 2182 2056 at
2223 2013 2344 2056 non
2387 2014 2627 2072 semper

676 2098 838 2156 fiunt.
927 2096 1153 2157 Eadem
1194 2099 1344 2156 ratio
1390 2114 1482 2172 sq.
1543 2092 1755 2174 ἔγνων
1801 2087 1904 2159 ἄν.

1248 2297 1825 2364 ΕΜΕΝΒΑΝΒΑ.

468 2422 604 2478 pag.
685 2406 783 2461 20.
827 2402 929 2461 Bis
976 2419 1175 2461 aecus·
1222 2420 1273 2461 e.
1310 2406 1411 2465 33.
1456 2405 1574 2463 Pro
1617 2411 1850 2479 πολοῖς
1893 2403 2030 2480 lege
2075 2410 2364 2480 πολλοῖς.

468 2522 600 2578 pag
684 2506 784 2563 35.
830 2504 921 2563 De
964 2506 1226 2579 parasito
1274 2524 1326 2566 e.
1363 2510 1463 2566 35.
1508 2507 1629 2566 Pro
1678 2503 1823 2582 [καὶ]
1870 2505 2006 2581 lege
2052 2505 2180 2580 [καὶ

468 2626 604 2681 μειμ.
684 2610 782 2665 35.
828 2607 918 2665 De
942 2608 1201 2682 parasito
1227 2625 1278 2668 e.
1307 2612 1402 2671 40.
1432 2608 1551 2667 Pro
1576 2608 1694 2689 ρητ
1718 2611 1826 2670 καὶ
1849 2629 2008 2687 ορας
2029 2608 2164 2684 lege
2188 2612 2294 2670 καὶ
2319 2604 2616 2689 ῥήτορας.

468 2726 604 2782 pag*
684 2711 783 2768 54.
826 2707 1057 2767 Anaeh.
1105 2728 1156 2768 o.
1199 2714 1293 2769 ¹9.
1338 2709 1458 2768 Pro
1502 2709 1574 2771 νέ
1616 2722 1757 2784 τοῖς
1801 2716 1861 2771 λ.
1906 2710 2042 2786 lege
2087 2708 2169 2773 ἐν
2213 2734 2264 2773 τ.
2315 2716 2370 2772 λ.

468 2831 604 2887 lif-‚gn
651 2814 786 2871 103.
829 2810 1092 2886 Philops.
1140 2830 1193 2871 o.
1228 2815 1329 2871 34.
1374 2811 1489 2869 Pro
1533 2804 1627 2893 [ἐν
1659 2800 1974 2887 ὀθονίοις,
2019 2804 2334 2894 νοήμονα]
2381 2812 2517 2887 lege
2551 2811 2623 2875 ἐν

822 2908 1116 2987 ὀθονίοις
1161 2908 1512 2991 [νοήμονα].

468 3035 604 3091 Pas-*3*
648 3018 780 3075 1116.
825 3014 1078 3091 Hippias
1123 3031 1176 3073 o.
1210 3017 1268 3072 2.
1311 3014 1429 3073 Pro
1484 3008 1868 3094 μνημόσυνα
1921 3064 1936 3079 .
1985 3064 1999 3079 .
2048 3064 2062 3079 .
2112 3019 2218 3078 καὶ
2276 3010 2622 3096 πράγματα

818 3114 953 3191 lege
996 3110 1378 3196 μνημόσυνα
1422 3166 1434 3179 .
1486 3166 1499 3180 .
1551 3111 1914 3196 πράγματα,
1960 3134 2073 3177 om.
2118 3120 2241 3180 καὶ.

468 3235 604 3291 pag.
648 3221 782 3276 130.
827 3215 984 3276 Adv.
1029 3216 1250 3276 indoet.
1295 3236 1348 3277 e.
1383 3220 1485 3278 20.
1544 3220 1658 3278 Pro
1715 3214 1850 3281 ὑπὸ
1900 3214 1989 3282 τὸ
2044 3222 2249 3297 ψευδο
2307 3220 2444 3295 lege
2489 3216 2624 3283 ὑπὸ

821 3324 928 3401 τῷ
970 3323 1192 3397 ψευδο.

468 3439 604 3495 pag*
652 3423 788 3480 139.
831 3421 923 3480 De
970 3421 1263 3482 calumnia
1308 3437 1359 3479 o.
1399 3424 1495 3479 10.
1542 3416 1744 3500 α’ργὴν
1789 3422 1926 3497 lege
1971 3417 2192 3501 ἀρχὴν.

464 3523 664 3583 Sinum
712 3524 902 3582 textus
947 3522 1243 3598 discrepat
1288 3522 1362 3582 ab
1407 3521 1784 3583 adnotatione
1828 3525 2030 3583 critica
2058 3541 2204 3599 rogo
2245 3520 2623 3599 praeferatur

468 3623 536 3680 nc]
548 3647 556 3679 1
568 3647 576 3683 ³
588 3643 616 3683 ss
628 3631 680 3683 [a
688 3625 781 3686 iio.

1350 3812 1742 3827 ,ὁρ-ᾐ--ψή

1093 4058 1285 4113 Lypsiae
1311 4060 1433 4114 typis
1461 4057 1497 4101 Ι.
1529 4058 1583 4103 Β.
1611 4060 1997 4107 Hirschfeldi.
