2867 4525
888 278 1145 334 LUCIANl
1183 279 1455 334 Hippus,
1520 279 1834 334 BACCHUS.
2134 320 2139 325 -
2316 280 2437 339 287

970 517 1333 586 LUGIANI
1377 518 1747 585 HIPPIAS.

533 655 666 717 Cod.
718 654 877 718 Gon.
922 682 1009 707 ==
1048 657 1107 720 A
1420 655 1556 718 Cod.
1601 656 1787 717 Marc.
1835 661 1956 718 434
2001 685 2088 708 ==
2132 652 2200 718 Ω

492 756 630 819 Cod.
677 756 863 820 Marc.
912 763 1034 820 436
1080 785 1166 809 ==
1210 752 1289 818 Ψ
1466 756 1602 822 Cod.
1659 757 1969 820 Vindobon.
2023 763 2139 820 123
2187 756 2238 820 Β

271 896 326 937 e.
407 882 461 936 1.
492 884 630 940 τῶν
673 871 867 942 κάτω.
940 878 1033 939 De
1063 881 1330 954 tempore
1358 881 1572 938 seriore
1601 895 1741 955 opp.
1770 884 1908 941 τῶν
1938 873 2158 959 πάλαι,
2204 876 2241 942 ὃ
2273 877 2439 944 καθ’

489 975 655 1060 ἡμᾶς
699 997 753 1042 e.
801 985 860 1039 4.
910 1011 986 1022 --
1034 974 1198 1061 πρὸς
1244 974 1331 1059 δή
1372 985 1452 1043 τί
1492 976 1687 1043 ταῦτ’
1733 975 2094 1062 ἒ’φην;Βτί
2137 977 2224 1063 δή
2268 976 2338 1041 Ω

271 1099 328 1141 c.
403 1085 463 1141 2.
498 1078 582 1144 οὗ
611 1077 731 1163 γὰρ
764 1072 983 1158 ἄλλως
1005 1077 1025 1163 Β
1047 1074 1262 1158 ἄλλως
1291 1084 1416 1142 sine
1447 1086 1600 1143 iusta
1630 1099 1820 1152 causa,
1850 1092 2056 1143 temere
2081 1116 2169 1127 —
2195 1079 2439 1164 μνημό·

491 1202 658 1247 συνα
685 1191 799 1265 τῆς
827 1185 1048 1265 τέχνης
1076 1189 1209 1246 καὶ
1242 1181 1323 1247 τὰ
1359 1181 1701 1265 πράγματα
1745 1234 1760 1249 .
1794 1234 1809 1248 .
1857 1186 2207 1249 κατέλιπον
2240 1181 2262 1266 ΙΙ
2295 1184 2436 1244 del.

486 1291 619 1350 καὶ
662 1279 730 1345 Ω
774 1285 938 1349 det.
991 1285 1421 1363 Conjungenda
1476 1290 1611 1347 sunt
1662 1283 2144 1367 μνημόσυνα
2195 1284 2437 1369 πράγ-

484 1411 691 1464 ματα
734 1422 821 1432 -
866 1384 1073 1467 σοφὸς
1116 1393 1225 1452 καὶ
1256 1388 1588 1467 ἐπινοῆσαι
1618 1393 1727 1451 καὶ
1760 1403 2048 1453 συνεῖναι
2079 1386 2435 1454 πιθανώ-

486 1514 729 1568 τατος
753 1487 1302 1574 Ιίταμώτατος
1331 1489 1498 1551 det.
1531 1485 1986 1566 πιθανώτατος
2017 1508 2209 1567 neque
2240 1493 2434 1551 activo

486 1611 698 1670 neque,
747 1597 989 1672 passivo
1061 1612 1238 1656 sensu
1304 1591 1637 1653 tolerabile.
1737 1591 1868 1651 Hoc
1931 1593 2065 1653 loco
2128 1597 2434 1671 praestare

486 1699 649 1772 pute,
696 1693 1191 1773 ἰταμώτατος
1235 1722 1316 1747 ====
1364 1695 1832 1771 celerrimus,
1877 1694 1954 1754 ad
1995 1692 2431 1773 intelleqendum

490 1801 975 1877 promptissimum,
1004 1807 1069 1858 ut
1101 1792 1306 1876 σοφὸς
1337 1796 1671 1876 ἐπινοῆσαι
1696 1799 1759 1855 in
1787 1795 2137 1858 observando
2156 1798 2432 1876 prudens.

486 1898 643 1958 Male
687 1905 825 1960 sunt
865 1901 1232 1978 interpretati
1276 1910 1584 1976 συνεῖναι,
1631 1900 1732 1975 qui
1776 1917 1813 1958 a
1856 1894 2099 1975 σύνειμι
2143 1899 2431 1977 derivant,

486 2019 619 2061 cum
663 2021 700 2062 a
745 2008 1005 2084 συνίημι
1050 2004 1126 2061 sit
1166 1999 1576 2064 derivandum.

264 2118 318 2160 e.
392 2106 452 2163 3.
486 2098 723 2183 ἀνδρὸς
765 2100 950 2184 παρ’
995 2098 1276 2167 ὅντινα
1320 2096 1604 2178 βούλει
1643 2108 1779 2165 τῶν
1809 2098 1939 2184 πρὸ
1969 2099 2178 2167 αὐτοῦ
2207 2126 2431 2182 γεγυμ-

484 2207 833 2281 νιασμένου
877 2232 964 2256 ==
1008 2208 1178 2267 inccta
1224 2207 1478 2285 quemvis
1521 2208 1868 2267 exercitatus
1909 2207 1948 2267 ι’.
1981 2223 2027 2265 e.
2071 2222 2192 2267 non
2235 2208 2431 2267 minus

482 2324 550 2367 ac
600 2312 794 2385 potius
846 2311 1031 2387 maqis
1094 2325 1264 2387 quam
1321 2310 1493 2368 ceteri
1555 2324 1747 2368 omnes
1802 2310 2150 2370 exercitatus
2202 2342 2291 2352 —
2342 2305 2423 2374 τὰ

483 2416 711 2489 πρῶτα
753 2435 841 2459 ==
879 2412 1167 2488 princeps.

265 2530 313 2573 e.
384 2516 443 2571 4.
479 2505 805 2592 σύμμετρα
861 2515 1093 2574 καὶ..
1147 2507 1713 2592 ἁρμοδιώτατα
1760 2511 1784 2592 ΙΙ
1828 2507 2419 2594 ἆρμονιώτατα.

481 2613 541 2676 A
567 2616 739 2689 poesi
781 2616 952 2690 petiti
996 2617 1129 2675 sunt
1172 2618 1231 2673 et
1272 2616 1498 2674 numeri
1544 2619 1604 2675 et
1643 2615 1800 2675 modi
1843 2614 1920 2675 cf.
1968 2633 2021 2675 o.
2054 2619 2112 2675 3.

263 2734 315 2775 c.
389 2720 449 2777 5.
478 2710 631 2794 ὕψει
677 2717 742 2779 δὲ
784 2711 1199 2796 ὑψηλότατος
1228 2720 1335 2779 καὶ
1367 2721 1536 2794 φωτὶ
1568 2711 1999 2798 φαιδρότατος
2032 2714 2107 2777 cf.
2141 2717 2214 2777 de
2247 2718 2418 2778 domo

482 2836 535 2877 c.
583 2824 637 2877 1.
726 2816 911 2890 Quasi
965 2817 1309 2894 superlativi
1365 2819 1851 2894 superlativorum
1909 2818 1986 2878 ad
2041 2816 2422 2896 magnificen-

482 2921 623 2980 tiam
668 2922 955 2981 sermonis
1003 2919 1357 2980 efferendam
1402 2921 1481 2981 cf.
1528 2921 1601 2981 de
1646 2920 1818 2982 domo
1864 2938 1916 2981 ο.
1952 2924 2009 2981 2.

1132 3157 1543 3167 ————

929 3373 1293 3442 LUCIANI
1336 3375 1758 3445 BACOHUS.

508 3507 639 3571 Cod.
691 3509 848 3573 Gorl.
892 3538 980 3562 =
1021 3513 1078 3576 A
1388 3512 1523 3575 Cod.
1576 3514 1743 3576 Puris
1790 3520 1948 3577 3011
1997 3546 2083 3569 =
2125 3518 2174 3585 O

262 3647 312 3688 e.
389 3635 443 3689 1.
478 3624 1001 3707 α’ντιτιίξαιτο
1046 3628 1070 3713 fl
1115 3628 1634 3711 α’ντιτᾰξοιτο
1681 3634 1825 3696 Gob.
1871 3672 1955 3681 -—
1997 3646 2417 3721 κιττοποίητα

473 3736 583 3793 καὶ
624 3739 829 3796 ταῦτα
862 3732 886 3813 ΙΙ
917 3753 1031 3795 om.
1075 3740 1183 3799 καὶ
1225 3742 1429 3799 ταῦτα
1471 3733 1579 3801 AO
1624 3736 1790 3798 det.

262 3849 313 3891 c.
384 3835 439 3896 2.
471 3828 645 3897 πάνυ
691 3830 978 3899 πιθανόν
1020 3860 1167 3900 τινα
1214 3835 1785 3921 συνταγματάρχην
1819 3836 1841 3921 ΙΙ
1872 3842 2226 3903 Nominatur
2268 3844 2417 3905 Sile-

474 3953 587 3995 nus
644 3934 956 4017 πιθανός,
1016 3939 1173 4014 quod
1230 3938 1407 4000 facile
1463 3942 1519 4000 ei
1574 3941 1796 4018 aliquid
1845 3944 2232 4018 persuadetur
2243 3991 2260 4026 ‚
2318 3948 2419 4007 vel

476 4040 848 4100 committitur
898 4041 934 4104 i.
997 4059 1031 4100 e
1087 4039 1447 4121 faciliS,
1513 4060 1657 4103 non
1715 4043 2112 4125 difficilis,
2170 4052 2235 4109 ut
2286 4047 2418 4110 fere
