2867 4525
1120 220 1570 273 ΦΙΔΟΨΕΥΔΗΣ.
2301 223 2426 281 103

257 377 582 470 ὑπόγειος
625 377 951 474 ᾠκηκέναι
978 388 1290 475 μαγεύειν
1319 389 1808 476 παιδευόμενος
1849 387 1982 460 ὑπὸ
2029 386 2427 480 τῆςἼσιδος.

257 485 697 575 Παγκράτην,
745 486 910 576 ἔφη,
958 489 1198 576 λέγεις,
1245 486 1281 557 5
1318 484 1750 579 Ἀρίγνωτος,
1799 491 1959 577 ἐμὸν
2004 487 2426 577 διδάσκαλον,

265 585 450 672 ἱερὸν
487 583 716 674 ανδρα,
765 587 1177 680 ἐξυρημένον,
1225 590 1318 681 [ἐν
1346 592 1673 717 ὀθονίοις,
1722 593 2039 685 νοήμονα]
2085 622 2163 663 ov
2206 602 2428 664 καθα-

264 693 401 778 ριῦς
428 688 869 778 ἑλληνίζοντα,
912 691 1225 815 ἐπιμήκη,
1274 695 1491 779 σιμόν,
1538 698 1879 786 προχειλῆ,
1922 691 2312 766 ὑπόλεπτον
2340 697 2427 766 τά

263 792 484 880 σκέλη.
570 786 838 876 Αὖτόν,
895 780 938 884 ή
983 789 1043 862 δ’
1094 789 1189 879 ός,
1236 796 1483 866 ἐκεῖνον
1536 796 1653 865 τὸν
1696 791 2129 889 Παγκράτην·
2186 804 2299 869 καὶ
2342 799 2428 869 τὰ

260 895 385 978 μὲν
444 897 685 980 πρῶτα
741 888 1022 982 ἠγνόουν
1065 921 1255 979 οστις
1294 886 1406 990 ἦν,
1468 899 1618 968 ἐπεὶ
1677 899 1750 967 δὲ
1803 898 2027 986 ἑώρων
2072 894 2308 984 αὐτόν,
2368 902 2435 969 εἴ

263 1021 438 1064 ποτε
480 991 884 1083 ὁρμίσαιμεν
926 997 1004 1067 τὸ
1050 1002 1314 1079 πλοῖον,
1362 998 1535 1069 αλλα
1570 1027 1646 1070 τε
1688 1000 1913 1070 πολλὰ
1917 1002 2277 1125 τεράστια
2322 1002 2430 1090 ἐρ·-

261 1097 659 1186 γαζόμενον,
726 1102 838 1168 καὶ
897 1099 977 1192 δὴ
1041 1105 1157 1170 καὶ
1221 1102 1337 1171 ἐπὶ
1403 1105 1841 1192 κροκοδείλων
1905 1098 2263 1189 ὀχούμενον
2317 1107 2429 1173 καὶ

265 1205 625 1268 συννέοντα
653 1215 799 1281 τοῖς
826 1208 1119 1292 θηρίοις,
1164 1203 1252 1272 τὰ
1283 1206 1356 1273 δὲ
1382 1200 1912 1297 ὑποπτήσσοντα
1954 1209 2063 1275 καὶ
2112 1213 2432 1275 σαίνοντα

187 1320 247 1370 61
267 1318 423 1382 ταῖς
466 1298 724 1388 οὖραῖς,
771 1306 975 1392 ἔγνων
1021 1305 1202 1393 ἱερόν
1241 1332 1396 1375 τινα
1441 1303 1814 1395 ἄνθρωπον
1856 1305 2061 1391 εἶναι,
2107 1312 2219 1377 καὶ
2263 1309 2432 1376 κατὰ

264 1405 504 1491 μικρὸν
535 1408 1155 1497 φιλοφρονούμενος
1185 1410 1439 1480 ἔλαθον
1470 1409 1734 1497 ἑταῖρος
1765 1403 1947 1498 αὑτῷ
1974 1413 2088 1478 καὶ
2134 1406 2432 1499 συνήθης

265 1507 648 1595 γενόμενος,
702 1504 878 1579 ὥστε
932 1512 1211 1580 πάντων
1255 1512 1593 1581 ἐκοινώνει
1650 1538 1771 1598 μοι
1813 1516 1949 1579 τῶν
1994 1510 2429 1600 ἀπορρήτων·

265 1613 379 1678 καὶ
423 1614 614 1691 τέλος
643 1619 883 1681 πείθει
910 1640 996 1699 με
1026 1615 1184 1694 τοὺς
1211 1614 1340 1700 μὲν.
1365 1614 1628 1693 οἰκέτας
1672 1606 1980 1692 ἅπαντας
2010 1613 2078 1681 ἐν
2114 1617 2199 1703 τῇ
2229 1618 2433 1698 Μέμ-

267 1714 424 1802 φιδι
465 1715 888 1797 καταλιπεῖν,
952 1710 1153 1785 αὑτὸν
1199 1717 1272 1784 δὲ
1314 1716 1522 1800 μόνον
1568 1709 1967 1783 ἀκολουθεῖν
2010 1709 2156 1800 μετ’
2210 1709 2431 1799 αὑτοῦ,

268 1815 390 1934 μὴ*
392 1814 519 1903 γὰρ
550 1809 921 1906 ἀπορήσειν
951 1814 1126 1908 ἡμᾶς
1150 1822 1285 1887 τῶν
1316 1819 1911 1908 διακονησομένων.
1981 1820 2094 1886 καὶ
2138 1816 2216 1886 τὸ
2262 1818 2433 1902 μετὰ

268 1921 469 1985 τοῦτο
515 1918 691 1985 οὕτω
735 1919 1066 2010 διήγομεν.
1148 1927 1250 1989 35.
1296 1919 1530 2008 ἐπειδὴ
1576 1921 1648 1989 δὲ
1692 1919 2011 2004 ἔλθοιμεν
2056 1919 2155 1998 ε’ίς
2195 1945 2264 1987 τι
2308 1946 2427 1986 κα-
2460 1934 2538 1991 85

269 2020 631 2106 ταγώγιον,
691 2021 914 2107 λαβὼν
959 2050 1040 2091 αν
1085 2019 1122 2091 5
1180 2021 1343 2114 ἀνὴρ
1393 2023 1514 2091 τὸν
1556 2022 1804 2108 μοχλὸν
1845 2025 1965 2111 τῆς
2006 2021 2227 2109 θύρας
2269 2011 2312 2108 ἢ
2355 2020 2431 2089 τὸ

271 2123 611 2213 κόρηθρον
664 2112 709 2210 ἢ
761 2126 874 2191 καὶ
926 2122 1002 2191 τὸ
1051 2123 1303 2212 ὕπερον
1347 2124 1737 2212 περιβαλων
1792 2125 2089 2209 ἱματίοις
2132 2122 2436 2190 ἐπειπών

270 2250 423 2294 τινα
467 2224 739 2314 ἐπῳδὴν
784 2224 1005 2295 ἐποίει
1047 2227 1344 2312 βαδίζειν
1388 2241 1532 2308 τοῖς
1585 2223 1815 2308 ἄλλοις
1860 2219 2117 2295 άπασιν
2165 2220 2437 2310 ανθρω-

271 2353 407 2397 πον
465 2324 643 2396 εἶναι
698 2328 1046 2397 δοκοῦντα·
1112 2328 1189 2398 τὸ
1258 2329 1331 2397 δὲ
1390 2327 1698 2398 ἀπελθὸν
1741 2324 1922 2417 ὕδωρ
1979 2354 2053 2396 τε
2113 2322 2438 2415 ἀπήντλει

272 2433 386 2499 καὶ
431 2423 711 2516 ὦψωνει
763 2434 877 2499 καὶ
937 2431 1242 2513 ἐσκεύαζε
1282 2435 1396 2500 καὶ
1442 2432 1511 2511 ἐς
1563 2426 1789 2500 πάντα
1845 2432 2077 2511 δεξιῶς
2103 2426 2436 2520 ὑπηρέτει

274 2533 386 2599 καὶ
433 2532 803 2652 διηκονεῖτο
846 2528 1043 2623 ἡμῖν·
1091 2531 1237 2602 εἶτα
1282 2534 1355 2601 δὲ
1386 2533 1622 2624 ἐπειδὴ
1669 2527 1819 2612 άλις
1865 2534 2002 2617 ἔχοι
2046 2536 2166 2619 τῆς
2209 2533 2439 2600 διακο-

277 2640 457 2716 νίας,
518 2619 724 2714 αυθις
776 2635 1117 2725 κόρηθρον
1169 2633 1247 2703 τὸ
1260 2636 1643 2724 ’κόρηθρον
1685 2624 1728 2723 ἢ
1769 2658 2021 2720 υπερον
2064 2632 2140 2701 τὸ
2190 2627 2441 2719 ὕπερον

278 2734 485 2824 αλλην
515 2734 784 2824 ἐπῳδὴν
815 2736 1118 2806 ἐπειπών
1149 2732 1460 2805 ἐποίει”
1416 2763 1518 2804 ον.
1590 2739 1789 2802 τοῦτο
1822 2734 1946 2856 ἐγω
1979 2729 2159 2802 πάνυ
2192 2732 2441 2801 ἐσπου-

280 2836 500 2916 δακώς
544 2863 661 2905 ουκ
705 2832 963 2923 εἶχον”
924 2864 1116 2918 οπως
1159 2838 1531 2925 ἐκμάθοιμι
1573 2832 1742 2921 παρ’
1797 2830 2030 2903 αὐτοῦ·
2091 2834 2445 2920 ἐβάσκαινε

207 2935 410 3027 62γάρ
456 2932 679 3022 αὑτοῦ,
723 2947 946 3010 καίτοι
986 2942 1162 3027 πρὸς
1206 2940 1288 3008 τά
1335 2937 1505 3008 ἄλλα
1555 2938 2101 3058 προχειρότατος
2119 2933 2231 3004 ὤν.
2317 2941 2445 3026 μιᾷ

285 3040 359 3107 δέ
402 3064 575 3107 ποτε
615 3037 832 3132 ἡμέρᾳ
878 3043 1113 3111 λαθὼν
1159 3042 1499 3131 ἐπήκουσα
1541 3045 1660 3128 τῆς
1713 3040 2006 3130 ἐπῳδῆς,
2059 3026 2141 3129 ἦν
2186 3039 2258 3107 δὲ
2302 3065 2446 3126 τρι-

286 3142 635 3227 σύλλαβος,
683 3143 915 3227 σχεδὸν
962 3145 1030 3213 έν
1075 3149 1392 3232 σκοτεινῷ
1433 3141 1756 3223 ὑποστάς.
1836 3146 1948 3212 καὶ
1992 3138 2027 3209 5
2074 3141 2195 3227 μὲν
2239 3136 2445 3228 ᾤχετο

287 3242 356 3322 ἐς
419 3242 540 3330 τὴν
608 3242 855 3333 ἀγορὰν
913 3245 1369 3333 ἐντειλάμενος
1434 3249 1533 3333 τῷ
1596 3242 1827 3333 ὑπέρῳ
1896 3244 1939 3311 ἀ
2007 3245 2144 3312 εδει
2199 3255 2446 3311 ποιεῖν.

287 3351 391 3414 36.
437 3344 564 3432 ἐγὼ
611 3347 685 3414 δὲ
730 3347 801 3427 ἐς
841 3347 962 3437 τὴν
1003 3345 1360 3438 ὑστεραίαν
1417 3348 1668 3416 ἐκείνου
1709 3373 1777 3415 τι
1819 3345 1986 3414 κατὰ
2028 3346 2151 3432 τὴν
2195 3339 2442 3432 ἀγοράν
2476 3361 2552 3418 86

286 3454 925 3535 πραγματευομένου
970 3449 1193 3535 λαβὼν
1242 3450 1318 3518 τὸ
1365 3443 1650 3538 ὕπερον,
1705 3454 2116 3538 σχηματίσας
2173 3443 2445 3531 ὅμοίως,

291 3550 597 3620 ἐπειπὼν
639 3550 763 3631 τὰς
793 3552 1148 3637 συλλαβάς,
1196 3551 1493 3619 ἐκέλευον
1520 3548 1940 3640 ὑδροφορεῖν.
2015 3548 2161 3616 ἐπεὶ
2213 3546 2287 3615 δὲ
2332 3547 2448 3633 ἐμ-

290 3654 720 3743 πλησάμενος
761 3653 882 3721 τὸν
928 3650 1241 3775 ἀμφορέα
1297 3652 1596 3738 ἐκόμισε,
1655 3656 2019 3729 Πέπαυσο,
2077 3650 2278 3739 εφην,
2336 3651 2447 3717 καὶ

292 3760 526 3843 μηκέτι
568 3751 961 3845 ὑδροφόρει,
1009 3750 1154 3823 ἀλλ’
1204 3756 1365 3824 ισθι
1410 3741 1616 3833 αυθις
1658 3753 1937 3841 ὕπερον·
1989 3751 2064 3820 τὸ
2115 3752 2187 3820 δὲ
2232 3749 2450 3819 οὖκέτι

293 3883 413 3943 μοι
458 3862 844 3926 πείθεσθαι
887 3855 1160 3949 ἤθελεν,
1207 3850 1354 3924 ἀλλ’
1405 3853 1771 3945 ὑδροφόρει
1817 3848 1941 3937 ἀεί,
1988 3880 2140 3941 αχρι
2186 3852 2265 3940 δὴ
2313 3853 2451 3921 ἐνέ-

293 3961 551 4049 πλησεν
592 3955 750 4045 ἡμῖν
791 3953 1037 4040 υδατος
1077 3985 1197 4050 ττν
1242 3958 1461 4026 οἰκίαν
1506 3958 1897 4026 επαντλοῦν.
1986 3953 2113 4042 ἐγω
2159 3954 2234 4021 δὲ
2280 3948 2451 4043 ἀμη-
