2867 4525
1041 260 1191 313 ΠΕΡΙ
1229 259 1614 315 ΠΑΡΑΣΙΤΟΥ.
2337 261 2413 319 31

247 448 379 502 τες,
411 426 656 514 ταύτην
688 427 763 494 δὲ
790 429 1256 514 λαμβάνοντες.
1336 437 1434 498 19.
1470 431 1569 499 ἔτι
1598 435 1729 498 τῶν
1767 432 1887 516 μὲν
1919 426 2138 499 ἄλλων
2160 412 2409 515 ’τεχνῶν
2429 443 2503 497 19

247 526 388 595 εἰσι
444 528 839 598 διδάσκαλοί
896 557 1102 611 τινες,
1154 537 1273 622 τῆς
1325 532 1398 599 δὲ
1456 538 1907 620 παρασιτικῆς
1962 529 2205 614 οὐδείς,
2264 525 2408 599 άλλ>

246 622 483 716 ὥσπερ
529 627 568 717 ἡ
616 633 934 723 ποιητικὴ
979 633 1150 702 κατὰ
1190 633 1307 702 τὸν
1337 635 1655 725 Σωκράτη
1702 639 1813 703 καὶ
1862 629 2024 724 αὕτη
2072 642 2237 724 θείᾳ
2279 639 2414 703 τινὶ

244 738 457 820 μοίρᾳ
508 740 971 821 παραγίνεται.
1063 742 1163 803 20.
1209 731 1471 805 κᾶκεῖνο
1518 736 1595 825 δὴ
1644 738 1913 820 σκόπει,
1967 732 2075 806 ὅτι
2118 736 2243 816 τὰς
2285 740 2406 824 μὲν
2423 746 2501 802 20

247 828 458 912 άλλας
502 840 734 919 τέχνας
779 828 1195 917 ὁδεύοντες
1153 866 1193 928 η
1224 841 1547 918 πλέοντες
1578 834 1654 907 οὗ
1688 840 2038 925 δυνάμεθα
2082 839 2404 927 διαπράτ·

244 941 527 1019 τεσθαι,
582 938 787 1025 ταύτῃ
845 939 918 1005 δέ
962 938 1105 1008 ἐστι
1144 945 1445 1037 χρῆσθαι
1488 944 1600 1010 καὶ
1654 941 1722 1010 ἐν
1774 938 1915 1029 ὃδῴ
1956 945 2069 1009 καὶ
2115 944 2408 1010 πλέοντι.

422 1044 524 1105 21.
578 1048 786 1108 ΤΥΧ.
831 1041 1026 1110 Πάνυ
1068 1044 1191 1127 μὲν
1235 1038 1372 1110 οὖν.

423 1146 646 1212 ΠΛΡ
691 1146 830 1211 Καὶ
872 1151 1139 1228 μέντοι,
1195 1171 1248 1210 ω
1301 1145 1615 1235 Τυχιάδη,
1663 1147 1735 1213 αἱ
1778 1147 1900 1230 μὲν
1946 1141 2146 1215 ὅῖλλαι
2189 1153 2415 1230 τέχναι

245 1243 527 1310 δοκοῦσί
567 1271 687 1329 μοι
730 1246 974 1334 ταύτης
1017 1246 1412 1331 ἐπιθυμεῖν,
1473 1241 1634 1336 αῧτη
1685 1248 1756 1315 δὲ
1802 1242 2120 1332 οὐδεμιᾶς
2163 1249 2411 1333 ἑτέρας.

428 1354 636 1413 ΤΥΧ.
704 1356 788 1415 Τί
833 1350 938 1431 δέ,
997 1343 1112 1433 ούχ
1158 1351 1222 1418 οἱ
1268 1349 1351 1417 τὰ
1401 1344 1721 1438 ἀλλότρια
1767 1351 2217 1436 λαμβάνοντες
2261 1346 2436 1420 άδι-.

240 1459 382 1514 κεῖν
432 1471 541 1515 σοι
589 1449 893 1535 δοκοῦσι,·

421 1555 643 1618 ΠΛΡ.
689 1557 853 1631 Πῶς
895 1553 1021 1640 γὰρ
1068 1581 1184 1638 ου,

427 1660 633 1720 ΤΥΧ.
681 1658 843 1733 Πῶς
887 1681 1003 1723 ουν
1047 1652 1082 1723 0‘
1132 1656 1512 1743 παράσιτος
1553 1657 1638 1724 τὰ
1686 1653 2007 1744 ἀλλότρια
2053 1657 2408 1742 λαμβάνων

243 1747 365 1821 οὐκ
414 1748 633 1823 ἆδικεῖ
673 1756 915 1842 μόνος,·

419 1862 521 1923 22.
588 1863 809 1925 ΠΛΡ.
893 1854 1029 1928 Οὖκ
1088 1860 1215 1943 ἔχω
1279 1863 1511 1947 λέγειν.
1611 1863 1723 1928 καὶ
1787 1858 1919 1946 μὴν
1984 1864 2114 1928 τῶν
2182 1855 2399 1928 άλλων
2418 1870 2494 1925 22

239 1961 492 2040 τεχνῶν
539 1960 612 2025 αἱ
658 1953 856 2049 ἇρχαὶ
901 1965 1159 2051 φαῦλαί
1201 1988 1377 2041 τινες
1437 1964 1545 2030 καὶ
1607 1957 1891 2041 εὐτελεῖς
1950 1962 2116 2044 εἶσι,
2174 1966 2290 2052 τῆς
2336 1964 2408 2030 δὲ

240 2067 700 2150 παρασιτικῆς
739 2063 920 2131 πάνυ
964 2071 1238 2152 γενναία
1280 2083 1413 2142 τις·
1460 2064 1536 2132 τὸ
1568 2064 1695 2152 γὰρ
1726 2065 2180 2153 θρυλούμενον
2208 2069 2407 2133 τοῦτο

238 2169 362 2253 τῆς
409 2167 663 2253 φιλίας·
692 2163 907 2250 ὄνομα
947 2161 1064 2234 οὐκ
1123 2157 1203 2233 ἂν
1263 2159 1515 2234 άλλοθι
1562 2160 1781 2254 εὕροις
1828 2157 1890 2256 [ἢ
1936 2166 2138 2255 ἀρχὴν
2183 2193 2407 2253 παρα-

239 2268 548 2355 σιτικῆς]

425 2378 632 2438 ΤΥΧ.
679 2374 843 2449 Πῶς
886 2373 1132 2458 Mysas,-

417 2479 638 2540 ΠΛΡ.
668 2466 820 2541 Ὅτι
865 2468 1085 2553 οὐδεὶς
1142 2472 1385 2559 ἐχθρὸν
1429 2463 1473 2561 ἢ
1517 2467 1779 2561 ἀγνῶτα
1833 2470 2203 2560 ἷίνθρωπον
2250 2468 2399 2541 ἀλλ’

241 2568 404 2642 οὐδὲ
450 2575 709 2664 συνήθη
754 2582 1043 2663 μετρίως
1088 2574 1205 2642 ἐπὶ
1253 2576 1527 2643 δεῖπνον
1584 2579 1805 2658 καλεῖ,
1867 2569 2037 2643 ἀλλὰ
2084 2577 2188 2644 δεῖ
2230 2576 2406 2662 πρό-

236 2701 437 2763 τερον
484 2673 677 2761 οἶμαι
718 2680 957 2745 τοῦτον
999 2683 1322 2763 γενέσθαι
1368 2679 1592 2767 φίλον,
1637 2678 1750 2746 ἵνα
1792 2677 2161 2764 κοινωνήσῃ
2193 2701 2404 2745 σπον-

132 2779 384 2845 ὃὸὅδῶν
427 2779 916 2868 καὶτραπὲζης
959 2782 1070 2848 καὶ
1113 2783 1249 2848 τῶν
1292 2784 1410 2868 τῆς
1453 2785 1681 2867 τέχνης
1723 2779 1970 2865 ταύτης
1996 2785 2402 2866 μυστηρίων.

236 2880 368 2967 ἐγώ
416 2885 576 2967 γοῦν
619 2881 948 2960 πολλάκις
990 2877 1240 2970 ἤκουσά
1291 2907 1493 2949 τινων
1553 2881 1909 2967 λεγόντων,
1971 2878 2286 2958 ποταπὸς
2331 2881 2405 2948 δὲ

235 2977 438 3062 οὗτος
484 2980 570 3071 [ὅ]
620 2986 822 3073 φίλος
865 2977 1055 3063 ὅστις
1098 2980 1252 3051 οὔτε
1297 2988 1629 3070 βέβρωκεν
1687 2977 1839 3050 οὔτε
1895 2986 2173 3050 πέπωκε
2227 2978 2397 3068 μεθ’

231 3082 461 3173 ἡμῶν,
530 3087 731 3174 δηλον
788 3078 897 3154 ότι
949 3085 1068 3153 τὸν
1127 3092 1547 3170 συμπίνοντα
1602 3088 1715 3153 καὶ
1773 3091 2221 3154 συνεσθίοντα
2278 3086 2404 3172 μό-

236 3213 353 3256 νον
399 3188 650 3257 πιστὸν
708 3191 913 3277 φίλον
965 3184 1368 3277 ἡγουμένων.
1456 3193 1559 3255 23.
1605 3178 1714 3255 ότι
1753 3212 1828 3274 γε
1871 3188 2002 3277 μὴν
2045 3184 2085 3278 ἦ
2129 3191 2396 3273 βασιλι-
2413 3196 2494 3252 23

231 3291 502 3379 κωτάτη
549 3294 684 3357 τῶν
728 3294 974 3374 τεχνῶν
1019 3291 1202 3359 ε’στιν
1249 3283 1449 3378 αύτη,
1507 3290 1767 3375 μάθοις
1812 3317 1892 3356 αν
1934 3293 2051 3358 καὶ
2095 3290 2164 3357 ἐκ
2206 3292 2404 3358 τοῦδε

234 3393 354 3478 ουχ
414 3392 691 3482 ἥκιστα·
749 3392 872 3472 τὰς
925 3394 1047 3479 μὲν
1101 3392 1228 3480 γὰρ
1275 3394 1524 3469 λοιπὰς
1563 3397 1796 3475 τέχνας
1839 3416 1917 3458 ου
1962 3392 2167 3476 μόνον
2211 3418 2402 3459 κακο·

232 3500 628 3574 παθοῦντες
685 3499 801 3563 καὶ
862 3495 1233 3581 ἱδροῦντες,
1295 3489 1467 3562 ἀλλὰ
1526 3492 1602 3583 νὴ
1660 3499 1802 3561 Δία
1859 3489 2236 3576 καθήμενοι
2289 3491 2402 3557 καὶ

232 3598 524 3676 ἑστῶτες
569 3597 956 3684 ἐργάζονται
999 3589 1228 3685 ὥσπερ
1275 3590 1510 3682 ἀμέλει
1554 3596 1786 3663 δοῦλοι
1834 3598 1971 3662 τῶν
2026 3595 2302 3674 τεχνῶν,
2362 3588 2397 3659 ὃ

233 3703 305 3770 δὲ
353 3700 741 3787 παράσιτος
782 3699 1309 3787 μεταχειρίζεται
1350 3698 1473 3787 τὴν
1520 3694 1724 3765 αὑτοῦ
1779 3701 2011 3784 τέχνην
2067 3691 2159 3773 ὥς
2198 3701 2400 3780 βασι·

232 3802 386 3882 λεῦς
428 3809 921 3887 κατακείμενος.
996 3806 1099 3868 24.
1147 3800 1363 3869 ἐκεῖνα
1404 3802 1528 3885 μὲν
1571 3798 1699 3886 γὰρ
1742 3805 1810 3865 τί
1854 3797 1958 3865 δεῖ
1991 3799 2203 3884 λέγειν
2234 3801 2492 3885 mem

230 3909 351 3993 τῆς
411 3899 849 3989 εὐδαιμονίας
908 3896 1142 3985 αὖτοῦ,
1210 3895 1318 3970 ὅτι
1378 3901 1458 3990 δὴ
1525 3902 1731 3984 μόνος
1783 3897 1954 3968 κατὰ
2012 3897 2129 3966 τὸν
2183 3898 2401 3989 σοφὸν

215 4003 516 4096 Ὅμηρον
560 4001 760 4089 ,,οῧτε
803 4004 1077 4094 φυτεύει
1124 4006 1311 4090 χερσὶ
1370 4002 1584 4092 φυτὸν
1642 3998 1795 4070 οὔτε
1853 3997 2038 4089 ἀροῖ,
2098 3993 2269 4068 ἀλλὰ
2312 3998 2396 4067 τά

2424 1053 2496 1108 21
