2867 4525
434 269 557 327 236

436 1078 612 1130 e235.

440 2486 492 2526 εἴ..
520 2474 620 2526 Βῆ.

1166 263 1452 319 CODIGUM
1486 262 1863 318 LECTIONES.

649 485 663 500 .
711 485 726 500 .
786 464 928 522 ρον
980 436 1049 501 Φ
1106 438 1416 520 προχειλῗ
1457 433 1579 498 ΩΓ
1629 471 1717 482 —
1771 434 2154 501 ὕπολέπτον
2194 431 2220 518 ΙΙ
2262 457 2344 499 τα
2401 429 2470 493 Φ
2512 466 2601 477 -

647 544 781 607 ἐπεὶ
825 545 891 606 δὲ
922 541 946 622 ΙΙ
979 539 1183 606 ἐπείδ’
1226 537 1295 602 Φ
1336 575 1424 585 -
1468 538 1841 622 ὁρμίσαιμεν
1874 534 1899 621 ΙΙ
1932 582 1948 597 .
1993 534 2033 620 ἡ
2078 535 2200 602 ἋΦ
2242 571 2331 582 -
2381 531 2603 601 πολλὰ

648 641 674 728 ΙΙ
705 664 819 706 om.
852 641 972 708 ἋΦ
1013 678 1102 689 -
1146 645 1272 708 ἐπὶ
1300 666 1485 724 κροκ.
1517 639 1542 724 ΙΙ
1572 638 1702 706 ὑπὸ
1736 641 1790 705 Ἃ
1817 675 1906 686 --
1935 651 2120 706 συνν.
2159 636 2181 723 ΙΙ
2215 644 2254 719 ξ
2281 634 2473 702 ΩἋΦ
2509 670 2606 682 -

645 743 1120 827 ὕποπτήσσονα
1164 741 1187 828 ΙΙ
1233 790 1249 806 .
1294 764 1350 809 σ.
1397 739 1467 804 Ω
1508 779 1596 789 -
1638 740 1719 808 τὰ
1762 746 1828 808 δὲ
1869 740 1983 807 ὑπ.
2028 741 2052 824 ΙΙ
2095 739 2166 806 δ’
2207 741 2261 805 Ἃ
2301 775 2389 786 ·-
2432 732 2600 805 ὄντα

652 844 662 930 1
703 849 866 912 εἶναι
893 843 1016 908 ΩΓ
1048 881 1136 892 -
1178 852 1311 911 καὶ
1356 842 1520 910 κατὰ
1562 867 1693 923 μικ.
1725 841 1751 926 ΙΙ
1785 864 1903 906 om.
1947 848 2057 909 καὶ
2087 843 2139 906 Ἃ
2181 877 2268 888 -—
2309 846 2426 921 μὲν
2471 845 2599 906 οἰκ.

652 954 672 1030 ΙΙ
708 956 828 1015 οἰκ.
872 953 991 1028 μὲν
1036 949 1089 1014 Ἃ
1130 984 1218 995 ·-
1262 945 1556 1025 ἅπαντας
1586 946 1611 1029 ΙΙ
1643 944 1893 1024 πάντας
1935 941 2060 1007 ΩΓ

648 1066 855 1149 ἐπειδὴ
888 1068 909 1152 ΙΙ
943 1066 1197 1134 ἐπειδὰν
1241 1063 1437 1129 ΩΓΦ
1478 1102 1566 1113 ·-
1616 1064 1921 1144 ἔλθοιμεν
1953 1064 1976 1146 ΙΙ
2005 1058 2294 1147 ἤλθομεν
2332 1059 2470 1125 ΩΦ
2512 1097 2603 1108 -

652 1174 736 1250 εἷς
778 1196 840 1234 τι
884 1166 1292 1250 καταγώγιον
1325 1167 1349 1254 fl
1381 1171 1458 1246 ἐς
1500 1193 1683 1235 τινα
1726 1164 2162 1234 κατάλυσιν
2192 1167 2246 1231 Ἃ
2287 1201 2375 1212 -
2417 1174 2476 1230 λ.
2516 1162 2601 1230 ἂν

652 1274 684 1338 E:
736 1268 914 1355 ἀνὴρ.
959 1269 1078 1337 τὸν
1115 1295 1161 1348 μ
1192 1271 1217 1354 ΙΙ
1248 1281 1306 1337 λ.
1352 1270 1448 1336 ἂν
1490 1269 1529 1353 ἢ
1575 1268 1720 1336 τὸν
1751 1270 1823 1351 Ἃ,
1870 1289 1986 1334 om.
2032 1267 2113 1335 ἂν
2142 1264 2212 1329 Ω
2254 1264 2528 1346 λαβὼν
2561 1265 2601 1332 ὃ

652 1372 890 1458 ἀνὴρ
934 1371 1099 1439 τὸν
1142 1370 1618 1454 μοχλὸνΦ
1663 1369 1887 1452 λαβὼν
1930 1370 2013 1437 ἂν
2060 1372 2201 1449 (om.
2245 1368 2280 1434 ὃ
2331 1367 2515 1452 ἀνὴρ)
2560 1366 2603 1451 ἢ

652 1474 765 1542 τὸν
828 1503 893 1554 μ.
950 1473 1005 1537 Γ
1052 1511 1139 1522 -
1194 1473 1545 1564 κόρηθρον
1585 1473 1609 1558 ΙΙ
1655 1521 1670 1536 .
1732 1500 1797 1558 ρι
1857 1479 1919 1536 in
1973 1494 2093 1539 ras·
2151 1471 2218 1534 Φ
2273 1507 2361 1519 -
2415 1477 2523 1536 καὶ
2580 1468 2603 1554 ΙΙ

652 1602 765 1642 σπι.
809 1574 1001 1640 ΩΓΦ
1043 1614 1131 1624 -
1171 1575 1258 1643 τὸ
1302 1576 1413 1643 ὑπ.
1448 1577 1470 1660 fl
1505 1597 1616 1643 om.
1666 1574 1742 1642 τὸ
1784 1577 1838 1641 Ἃ
1879 1611 1967 1623 -
2011 1573 2294 1641 ἐπειπών
2324 1572 2350 1659 fl
2384 1571 2605 1640 ἔπειτα

2513 1691 2543 1725 0

652 1746 720 1810 [ὲ.
761 1784 849 1794 -
894 1748 1148 1835 ἐπῳδὴν
1181 1747 1205 1829 ΙΙ
1237 1744 1543 1830 ἐπαοιδὴν
1587 1743 1727 1808 ΩΦ
1770 1782 1858 1792 -
1911 1742 2204 1812 α’πελθὸν
2235 1742 2260 1828 ss
2292 1740 2605 1811 α’πελθὼν

652 1846 720 1910 Ω
764 1847 961 1916 άπιὸν
1004 1851 1058 1915 Ἃ
1100 1885 1188 1896 --·
1230 1848 1539 1934 άπήντλει
1583 1847 1604 1934 ΙΙ
1646 1851 1926 1932 ἐμπίπλη
1970 1845 2108 1911 ΩΦ
2165 1883 2252 1894 -
2307 1843 2606 1928 ἐσκεύαζε

652 1948 2138 2036 ΙξῙ..νΩ---ἐςπ.ΙΙοῐῙι.Ω[’Φ--εἶ·τα
2195 1947 2608 2033 δὲΙΙοΠι.δὲ

652 2054 771 2118 ΓΦ
826 2091 911 2102 -—
971 2054 1105 2137 ἔχοι
1157 2054 1176 2139 ΙΙ
1232 2050 1382 2140 ἐχρῇ
1451 2058 1584 2135 (sic)
1643 2052 1712 2116 Ω
1767 2091 1855 2101 --
1913 2049 2206 2120 ἐπειπὼν
2250 2051 2275 2138 ΙΙ
2319 2072 2436 2116 om.
2505 2053 2604 2117 ἐπ.

652 2154 841 2220 ΩΓΦ
870 2193 957 2204 —-
987 2160 1186 2224 ἐποίει
1208 2157 1299 2224 ἂν
1321 2155 1341 2241 ΙΙ
1362 2178 1477 2220 om.
1502 2156 1584 2223 ἂν
1605 2154 1658 2218 Γ
1661 2154 1800 2219 ΩΦ
1826 2192 1914 2203 -
1943 2154 2279 2235 ἐβάσκαινε
2297 2151 2320 2241 Ι
2337 2150 2607 2235 ἐφθόνει

656 2262 708 2322 Ἡ
748 2296 835 2306 -
894 2263 980 2339 ἐβ.
1031 2287 1087 2342 γ.
1147 2259 1406 2329 αὐτοῦ
1510 2281 1626 2324 om.
1670 2257 1918 2326 ΓΩἋΦ
1961 2296 2048 2307 --
2090 2256 2256 2343 πρὸς
2309 2254 2390 2325 τὰ
2435 2249 2607 2324 ἄλλα

652 2366 672 2442 :ss
716 2382 831 2426 nm.
876 2362 929 2427 Ἃ
970 2398 1058 2408 ·—-
1101 2364 1373 2446 ἐπῳδῆς
1414 2361 1437 2448 ΙΙ
1478 2362 1602 2431 άοι.
1651 2360 1790 2426 ΩΦ
1832 2399 1920 2410 -—
1963 2361 2088 2430 ἔδει
2131 2360 2152 2447 fl
2194 2367 2292 2428 δεῖ
2328 2361 2382 2425 Ἃ

656 2466 952 2531 ἐκέλευον
979 2461 1318 2549 Ιέκελευσα
1341 2461 1465 2527 ΩΓ
1486 2468 1729 2531 -ἐπεὶ
1761 2471 1828 2532 δὲ
1855 2463 1876 2551 ΙΙ
1905 2468 2041 2532 ἐπεί
2068 2464 2138 2531 δ’
2167 2465 2221 2529 Ἃ
2248 2500 2336 2511 ——
2364 2467 2605 2547 ἐμπλη-

656 2566 935 2646 σάμενος
978 2566 999 2653 Ι]
1044 2614 1059 2630 .
1107 2613 1124 2629 .
1169 2593 1293 2634 νον
1338 2568 1392 2633 Ἃ
1447 2603 1534 2613 -
1590 2565 1826 2646 ὕδατος
1881 2566 2000 2651 τὴν
2057 2572 2271 2634 οἰκίαν
2314 2565 2335 2651 ΙΙ
2375 2593 2432 2632 τ.
2480 2571 2605 2633 οἰκ.

652 2670 749 2735 ΐτᾶ.
796 2670 850 2735 Ἃ
891 2705 978 2715 -
1024 2664 1163 2755 ὄῖχρ.
1219 2668 1293 2753 δὴ
1334 2668 1356 2754 ΙΙ
1395 2662 1515 2753 ἤδη
1560 2667 1629 2732 Ω
1671 2705 1758 2716 -
1813 2669 2166 2736 πείθεσθαι
2208 2667 2229 2753 ΙΙ
2273 2715 2288 2731 .
2336 2680 2387 2730 σ
2421 2665 2475 2730 Γ
2517 2702 2608 2713 -

652 2779 716 2835 δὲ
773 2771 879 2850 άμ.
922 2770 944 2857 ss
987 2770 1056 2837 δ’
1101 2773 1154 2837 Ἃ
1194 2807 1282 2818 ·-
1327 2774 1584 2838 ἐδεδίειν
1625 2770 1646 2855 fl
1688 2775 1960 2855 ἐδεδείην
2007 2768 2056 2832 Γ
2109 2807 2195 2818 -
2252 2776 2340 2849 εἰς
2380 2766 2402 2854 Ι
2443 2771 2508 2849 ἐς
2550 2770 2607 2833 Ἃ

652 2911 732 2919 -
785 2872 1102 2963 ἑκάτερον
1144 2873 1164 2958 ΙΙ
1208 2922 1224 2936 .
1273 2921 1288 2936 .
1334 2896 1379 2938 α
1422 2870 1563 2936 ΩΦ
1615 2910 1703 2920 -
1759 2872 1835 2940 τὸ
1890 2877 2085 2957 μέρος
2127 2871 2146 2957 ΙΙ
2188 2871 2352 2939 κατὰ
2406 2875 2604 2954 μέρος

652 2974 788 3037 ΩΦ
830 3011 918 3023 -
963 2977 1296 3061 ἀμφορέας
1336 2975 1356 3059 ΙΙ
1399 2997 1435 3051 ς
1479 2997 1594 3040 om.
1626 2977 1680 3041 Ἃ
1707 3011 1794 3021 -
1823 2977 2124 3056 ἐγένοντο
2168 2973 2190 3060 Ι
2230 2978 2604 3058 ἐγεγένηντο

656 3076 900 3143 ΓΩἋΦ
942 3114 1029 3125 --
1072 3078 1437 3162 ὑδροφόροι
1485 3077 1506 3165 fl
1557 3083 1621 3146 οἱ
1670 3076 1962 3145 διάκονοι
2006 3075 2199 3143 ΩἋΦ
2243 3113 2330 3123 -
2382 3084 2606 3155 συνεὶς

652 3183 668 3259 ΙΙ
716 3187 749 3259 ξ
780 3180 833 3245 Ἃ
874 3215 962 3225 -
1003 3205 1216 3261 γενομ.
1251 3179 1271 3265 ΙΙ
1308 3179 1559 3262 γιγνόμ.
1593 3182 1646 3247 Ἃ
1673 3217 1760 3227 -
1803 3184 2055 3269 ἐπῳδῆς
2083 3178 2103 3265 ΙΙ
2132 3184 2434 3264 ἐπαοιδῆς
2462 3176 2603 3241 ΩΦ

652 3319 736 3327 -
780 3278 935 3348 ὅποι
976 3280 996 3367 ΙΙ
1040 3278 1167 3366 ὅπη
1213 3284 1266 3348 Ἃ
1308 3317 1396 3329 -
1434 3282 1543 3351 Δί’
1584 3281 1605 3367 ΙΙ
1647 3290 1750 3349 δία
1781 3283 1835 3348 Ἃ
1874 3318 1963 3330 -
2006 3288 2094 3362 εἰς
2135 3282 2156 3368 ΙΙ
2199 3285 2262 3362 ἐς
2292 3284 2346 3348 Ἃ
2386 3317 2473 3330 -
2517 3286 2607 3360 εἰς

652 3383 728 3451 τὸ
770 3384 910 3469 άρχ.
954 3382 974 3469 ΙΙ
1017 3387 1081 3464 ἐς
1126 3386 1179 3451 Ἃ
1219 3422 1306 3433 -
1352 3379 1532 3467 ἄγειν
1574 3385 1595 3472 ΙΙ
1638 3386 1900 3467 ἀγαγεῖν
1946 3388 2000 3452 Ἃ

460 3551 492 3567 ..
568 3515 620 3567 Τ.
656 3503 819 3571 ἀλλὰ
862 3503 883 3590 ΙΙ
926 3525 1040 3568 om.
1073 3506 1126 3571 Ἃ
1166 3542 1254 3552 --
1297 3512 1355 3571 εἰ
1396 3511 1463 3572 δὲ
1504 3503 1592 3589 μὴ
1633 3504 1652 3589 ΙΙ
1695 3531 1764 3587 γε
1793 3502 1847 3567 Γ
1888 3542 1976 3553 —
2012 3532 2068 3571 τ.
2096 3530 2260 3589 μειρ.
2290 3530 2347 3570 τ.
2376 3501 2397 3588 ΙΙ
2423 3502 2606 3570 τούτ.

652 3635 704 3671 τ.
748 3634 809 3686 μ.
846 3608 900 3673 Ἃ
927 3644 1014 3654 -
1044 3605 1230 3675 ἕνεκα
1258 3606 1279 3693 ΙΙ
1307 3606 1525 3674 ἕνεκεν
1557 3610 1609 3673 Ἃ
1636 3644 1724 3655 -
1752 3601 1960 3675 ἄλλον
1988 3606 2009 3693 ΙΙ
2036 3607 2138 3675 άλ.
2179 3627 2331 3675 τινα
2373 3605 2606 3689 καιρὸν

652 3711 704 3775 Ἡ
760 3746 847 3756 -
902 3708 1385 3795 ὑπερβάλλεσθε
1428 3707 1449 3794 ΙΙ
1489 3763 1503 3777 .
1552 3719 1610 3777 λ.
1661 3712 1715 3777 Ἃ
1768 3746 1856 3757 -
1908 3707 2138 3795 μήπως
2181 3708 2200 3795 ΙΙ
2239 3707 2434 3793 μήπω
2480 3706 2605 3774 ἋΦ

652 3847 736 3855 ·—
778 3812 1343 3897 μυθολογημάτων
1387 3811 1407 3898 ΙΙ
1448 3810 1686 3892 μύθων
1732 3813 1786 3878 Ἃ
1827 3849 1914 3859 -
1958 3815 2191 3895 ἐθίζειν
2232 3810 2253 3899 ΙΙ
2295 3814 2605 3897 ἐρεθίζειν

652 3911 843 3978 ΩἋΦ
898 3949 985 3959 -
1042 3912 1332 3982 συνόντα
1375 3912 1396 3999 ΙΙ
1442 3917 1762 3982 συνένταῖ
1821 3913 1890 3978 Ω
1945 3951 2034 3962 —
2089 3918 2256 3997 ἐνοχ.
2314 3912 2607 3981 συνόντα

656 4015 672 4095 ΙΙ
720 4032 772 4079 σ.
819 4040 864 4080 ε.
912 4014 1086 4080 ἋΦΓ
1127 4054 1215 4065 —
1259 4015 1667 4096 ἐμπιπλάντα
1709 4016 1730 4102 ΙΙ
1774 4016 2225 4097 ἐμπιμπλάντα
2269 4014 2339 4079 Ω
