2867 4525
435 277 559 335 114
1327 274 1706 329 ΛΟΥΚΙΑΝΟΥ

359 462 400 517 4
433 446 902 533 ἐπέστραπται
943 444 1016 511 δὲ
1062 443 1130 522 ἐς
1157 442 1314 523 τοὺς
1345 437 1708 531 ἀγομένους
1741 443 2041 529 μειδιῶν.
2116 450 2176 509 4.
2221 437 2414 510 ταῦτ’
2467 444 2593 531 ἐγώ

425 549 547 634 μὲν
594 547 709 616 ἐπὶ
754 545 932 614 πολὺ
979 546 1306 632 εἱστήκειν
1362 542 1538 632 δρῶν
1580 548 1691 614 καὶ
1743 544 2115 629 θαυμάζων
2156 547 2270 612 καὶ
2317 539 2595 632 ἀπορῶν

429 653 543 719 καὶ
589 644 1006 737 ἀγανακτῶν·
1052 646 1310 726 Κελτὸς
1356 648 1429 716 δέ
1475 673 1581 727 τις
1621 646 1978 735 παρεστώς
2021 640 2139 714 οὗκ
2185 641 2598 729 ἀπαίδευτος

430 753 517 820 τὰ
559 748 878 840 ἡμέτερα,
939 745 1030 828 ὥς
1087 749 1365 833 ἔδειξεν,
1421 744 1712 839 ἀκριβῶς
1743 745 2027 817 Ἑλλάδα
2072 748 2303 839 φωνὴν
2346 743 2599 838 ἀφιείς,

432 853 834 944 φιλόσοφος,
881 849 1092 937 οἶμαι,
1136 856 1271 921 τῶν
1315 852 1715 937 ἐπιχωρίων,
1752 846 1911 939 Ἐγώ
1959 875 2088 934 σοι,
2137 851 2289 942 ἔφη,
2335 838 2388 919 ὦ
2434 854 2597 937 ξένε,

433 957 610 1024 λύσω
669 959 790 1045 τῆς
851 958 1113 1044 γραφῆς
1176 953 1256 1022 τὸ
1325 954 1632 1041 αἴνιγμα·
1700 954 1880 1021 πάνυ
1934 953 2061 1041 γὰρ
2125 960 2598 1044 ταραττομένῳ

432 1058 654 1136 ἔοικας
683 1057 857 1142 πρὸς
886 1049 1110 1146 αὗτήν.
1183 1055 1301 1124 τὸν
1347 1055 1544 1142 λόγον
1578 1052 1771 1145 ἡμεῖς
1815 1056 1881 1123 οἱ
1911 1058 2159 1124 Κελτοὶ
2206 1050 2321 1141 οὖχ
2366 1051 2597 1145 ὥσπερ

431 1156 622 1246 ἡμεῖς
685 1160 753 1227 οἱ
791 1152 1096 1246 ’Έλληνες
1147 1153 1384 1247 Ἑρμῆν
1444 1153 1742 1242 οἰόμεθα
1810 1153 2014 1240 εἶναι,
2082 1151 2233 1224 ἀλλ’
2289 1154 2600 1248 Ἡρακλεῖ

435 1261 638 1331 αὺτὸν
684 1260 1059 1344 εἰκάζομεν,
1122 1255 1231 1327 ὅτι
1275 1258 1465 1346 παρὰ
1509 1258 1687 1327 πολὺ
1740 1263 1860 1327 τοῦ
1896 1255 2132 1346 Ἑρμοῦ
2177 1259 2600 1348 ἰσχυρότερος

434 1359 650 1444 οὗτος.
733 1362 793 1431 εἰ
839 1363 912 1430 δὲ
954 1366 1164 1449 γέρων
1208 1369 1605 1452 πεποίηται,
1649 1361 1740 1449 μὴ
1786 1361 2180 1449 θαυμάσῃς·
2222 1363 2429 1447 μόνος
2470 1363 2597 1453 γὰρ

435 1464 470 1537 ὃ
521 1467 716 1554 λόγος
776 1464 845 1532 ἐν
900 1460 1071 1553 γήρᾳ
1128 1464 1317 1553 φιλεῖ
1361 1463 1588 1550 ἐντελῆ
1640 1463 2157 1532 ἐπιδείκνυσθαι
2198 1464 2320 1553 τὴν
2366 1460 2597 1552 ἀκμήν,

436 1570 503 1637 εἴ
539 1594 614 1657 γε
657 1561 887 1656 ἀληθῆ
945 1562 1129 1651 ὑμῶν
1175 1566 1243 1633 οἱ
1295 1568 1577 1655 ποιηταὶ
1635 1568 1970 1652 λέγουσιν,
2030 1559 2141 1634 ὅτι
2183 1567 2257 1635 αἱ
2298 1569 2422 1653 μὲν
2464 1572 2600 1635 τῶν

435 1667 870 1757 ,,ὃπλοτέρων
917 1672 1154 1757 φρένες
1199 1662 1670 1757 ἡερέθονται,“
1710 1667 1787 1736 τὸ
1838 1669 1911 1736 δὲ
1953 1672 2161 1756 γῆρας

855 1770 989 1853 ἐ’χει
1031 1766 1098 1837 τι
1147 1772 1334 1849 λέξαι
1375 1774 1512 1837 τῶν
1558 1774 1723 1839 νέων
1778 1771 2204 1860 σοφώτερον.»

441 1874 615 1943 οῧτω
658 1878 733 1960 γέ
776 1898 883 1940 τοι
925 1875 1035 1939 καὶ
1081 1875 1199 1940 τοῦ
1230 1876 1573 1960 Νέστορος
1600 1868 1756 1957 ύμῖν
1793 1871 2080 1961 ἀπορρεῖ
2124 1873 2193 1941 ἐκ
2235 1877 2353 1963 τῆς
2393 1874 2606 1960 γλώτ-

438 2000 558 2066 της
599 1973 675 2042 τὸ
737 1976 922 2059 μέλι,
980 1976 1091 2041 καὶ
1150 1973 1217 2041 οἱ
1276 1968 1598 2061 ἀγορηταὶ
1654 1979 1789 2042 τῶν
1839 1975 2090 2062 Τρώων
2132 1974 2254 2065 τὴν
2297 1972 2441 2042 ὅπα
2482 1974 2605 2064 τὴν

442 2077 860 2163 λειριόεσσαν
918 2071 1208 2163 ἀφιᾶσιν
1266 2069 1524 2160 εὐανθῆ
1574 2095 1764 2143 τινα·
1822 2074 2067 2166 [λείρια
2116 2075 2243 2164 γὰρ
2285 2081 2606 2155 καλεῖται,

374 2193 413 2250 5
451 2180 516 2249 εἰ’
555 2203 629 2267 γε
671 2184 1032 2268 μέμνημαι,
1077 2176 1163 2244 τὰ
1210 2173 1433 2268 ἀνθη].
1511 2184 1569 2244 5.
1616 2170 1789 2245 ὥστε
1833 2177 1892 2245 εἰ
1934 2180 2070 2245 τῶν
2113 2173 2305 2246 ὤτων
2351 2179 2608 2247 ἐκδεδε-

443 2290 683 2368 μένους
725 2280 881 2359 τούς
926 2275 1336 2366 ἀνθρώπους
1366 2279 1542 2365 πρὸς
1571 2280 1691 2367 τὴν
1731 2283 2034 2367 γλῶτταν
2078 2278 2113 2348 ὅ
2158 2288 2371 2370 γέρων
2415 2278 2611 2362 οὗτος

437 2381 767 2472 Ἡρακλῆς
811 2380 845 2451 ό
907 2383 1102 2470 λόγος
1147 2383 1337 2464 ἕλκει,
1383 2381 1552 2472 μηδὲ
1594 2386 1792 2449 τοῦτο
1845 2383 2209 2473 θαυμάσῃς
2254 2383 2450 2464 εἰδώς
2492 2384 2611 2474 τὴν

448 2482 638 2553 ὤτων
690 2488 805 2553 καὶ
861 2485 1157 2574 γλώττης
1213 2489 1624 2572 συγγένειαν·
1685 2477 1829 2551 οὐδ’
1882 2477 2071 2572 ῧβρις
2114 2486 2211 2565 εἷς
2256 2480 2491 2568 αὐτόν,
2552 2486 2612 2554 εἰ

447 2588 653 2677 ταύτῃ
722 2587 1164 2677 τετρύπηται·
1236 2593 1578 2675 μέμνημαι
1644 2589 1834 2674 γοῦν,
1904 2586 2065 2677 ἔφη,
2127 2592 2240 2657 καὶ
2306 2592 2690 2675 κωμικῶν85

444 2717 605 2761 τινω
653 2690 1015 2775 ἰναμβείων
1060 2684 1230 2777 παρ’
1282 2685 1470 2774 ἡμῶν
1511 2688 1779 2774 μαθών,

1009 2805 1153 2871 τοῖς
1194 2790 1324 2879 γὰρ
1369 2792 1678 2859 λάλοισιν
1722 2790 1796 2870 ἐξ
1836 2787 2044 2879 ἄκρου

751 2889 792 2981 ἡ
838 2895 1101 2980 γλῶττα
1132 2897 1347 2962 πᾶσίν
1379 2894 1525 2962 ἐστι
1560 2900 2044 2983 τετρυπημένη.

379 3005 419 3060 6
455 3001 511 3063 6.
543 2993 620 3063 τὸ
657 2988 721 3060 δ’
773 2986 933 3063 ὅλον
962 2999 1073 3064 καὶ
1105 2989 1308 3063 αὐτὸν
1336 2992 1529 3085 ἡμεῖς
1556 2993 1674 3064 τὸν
1697 2992 2024 3083 Ἡρακλέα
2055 2995 2230 3083 λόγῳ
2258 2994 2344 3061 τὰ
2387 2995 2615 3062 πάντα

448 3093 797 3186 ἡγούμεθα
852 3095 1349 3182 ἐξεργάσασθαι
1409 3096 1628 3186 σοφὸν
1680 3098 2031 3184 γενόμενον
2086 3101 2199 3166 καὶ
2242 3102 2491 3165 πειθοῖ
2528 3095 2613 3163 τὰ

450 3199 740 3264 πλεῖστα
769 3196 1178 3282 βιάσασθαι.
1253 3200 1364 3266 καὶ
1406 3199 1492 3265 τά
1533 3224 1609 3287 γε
1634 3202 1794 3288 βέλη
1829 3194 2035 3267 αὐτοῦ
2078 3201 2144 3267 οἱ
2189 3193 2376 3285 λόγοι
2421 3199 2613 3280 εἰσίν,

451 3295 662 3385 οἶμαι,
709 3293 887 3378 ὀξεῖς
929 3302 1040 3367 καὶ
1074 3295 1377 3384 εὔστοχοι
1406 3304 1520 3369 καὶ
1564 3315 1786 3384 ταχεῖς
1818 3304 1929 3370 καὶ
1958 3300 2082 3381 τὰς
2107 3299 2330 3388 ψυχὰς
2370 3299 2615 3387 τιτρώ-

453 3423 751 3481 σκοντες·
808 3400 1180 3485 πτερόεντα
1235 3405 1392 3489 γοῦν
1450 3402 1535 3470 τὰ
1583 3403 1712 3492 ἔπη
1771 3405 1882 3470 καὶ
1938 3399 2127 3487 ὑμεῖς
2185 3429 2362 3494 φατε
2419 3400 2615 3470 εἶναι.

383 3515 414 3569 7
456 3512 513 3573 7.
557 3507 855 3572 τοσαῦτα
897 3502 1018 3587 μὲν
1063 3499 1098 3571 ό
1146 3505 1418 3585 Κελτός.
1507 3504 1659 3590 ἐμοὶ
1704 3504 1776 3571 δὲ
1817 3500 2014 3592 ἡνίκα
2058 3507 2216 3593 περὶ
2258 3510 2375 3595 τῆς
2420 3505 2615 3592 δεῦρο

457 3606 762 3695 παρόδου
805 3604 1051 3695 ταύτης
1095 3605 1517 3697 ἐσκοπούμην
1561 3606 1735 3695 πρὸς
1780 3605 2084 3691 ἐμαυτόν,
2135 3605 2203 3674 εἰ’
2240 3632 2360 3691 μοι
2401 3608 2619 3684 καλῶς

451 3708 584 3791 ἕχει
627 3708 952 3796 τηλικῷδε
994 3704 1140 3777 ὄντι
1183 3712 1295 3778 καὶ
1340 3710 1560 3777 πάλαι
1601 3713 1736 3776 τῶν
1767 3708 2157 3788 ἐπιδείξεων
2201 3714 2618 3796 πεπαυμένῳ

454 3795 659 3886 αὖθις
701 3804 871 3894 ὑπὲρ
919 3809 1208 3894 ἐμαυτοῦ
1251 3815 1489 3901 ψῆφον
1552 3811 1817 3879 διδόναι
1858 3812 2209 3891 τοσούτοις
2253 3812 2618 3893 δικασταῖς,

451 3909 622 3979 κατὰ
688 3909 922 3996 καιρὸν
989 3910 1290 4002 ἐπῆλθεν
1357 3907 1872 4001 ἀναμνησθῆναι
1927 3917 2046 4001 τῆς
2101 3913 2385 3992 εἰκόνος·
2452 3918 2622 3992 τέως

451 4015 574 4101 μὲν
616 4011 741 4100 γὰρ
775 4010 1073 4096 ἐδεδίειν,
1119 4014 1209 4102 μή
1240 4041 1377 4083 τινι
1411 4011 1596 4100 ἡμῶν
1641 4014 1912 4099 δόξαιμι
1941 4017 2183 4106 κομιδῇ
2208 4014 2618 4103 μειρακιώδη
