<?xml version="1.0" encoding="UTF-8"?>
<!DOCTYPE html PUBLIC "-//W3C//DTD XHTML 1.0 Transitional//EN"
    "http://www.w3.org/TR/xhtml1/DTD/xhtml1-transitional.dtd">
<html xmlns="http://www.w3.org/1999/xhtml" xml:lang="en" lang="en">
 <head>
  <title>
</title>
<meta http-equiv="Content-Type" content="text/html;charset=utf-8" />
  <meta name='ocr-system' content='tesseract 3.04.00' />
  <meta name='ocr-capabilities' content='ocr_page ocr_carea ocr_par ocr_line ocrx_word'/>
</head>
<body>
  <div class='ocr_page' id='page_1' title='image "./lucianus02sommgoog/lucianus02sommgoog_0107.png"; bbox 0 0 2867 4525; ppageno 0'>
   <div class='ocr_carea' id='block_1_1' title="bbox 1127 245 2427 303">
    <p class='ocr_par' dir='ltr' id='par_1_1' title="bbox 1127 245 2427 303">
     <span class='ocr_line' id='line_1_1' title="bbox 1127 245 2427 303; baseline 0.005 -6"><span class='ocrx_word' id='word_1_1' title='bbox 1127 246 1197 297; x_wconf 87' lang='grc' dir='ltr'><strong><em>ΦΙ</em></strong></span> <span class='ocrx_word' id='word_1_2' title='bbox 1204 245 1578 298; x_wconf 84' lang='grc' dir='ltr'><strong><em>ΔΟΨΕΥΔΗΣ.</em></strong></span> <span class='ocrx_word' id='word_1_3' title='bbox 2348 245 2427 303; x_wconf 89' lang='grc'><strong><em>89</em></strong></span> 
     </span>
    </p>
   </div>
   <div class='ocr_carea' id='block_1_2' title="bbox 188 412 2508 4086">
    <p class='ocr_par' dir='ltr' id='par_1_2' title="bbox 188 412 2448 4086">
     <span class='ocr_line' id='line_1_2' title="bbox 264 412 2432 503; baseline 0.001 -24"><span class='ocrx_word' id='word_1_4' title='bbox 264 412 429 481; x_wconf 90' lang='grc' dir='ltr'><strong><em>τότε</em></strong></span> <span class='ocrx_word' id='word_1_5' title='bbox 475 413 846 500; x_wconf 81' lang='grc' dir='ltr'><strong><em>διεξιόντες,</em></strong></span> <span class='ocrx_word' id='word_1_6' title='bbox 895 412 1021 503; x_wconf 73' lang='grc' dir='ltr'><strong><em>[ἔτι</em></strong></span> <span class='ocrx_word' id='word_1_7' title='bbox 1051 413 1148 501; x_wconf 82' lang='grc' dir='ltr'><strong><em>δὲ]</em></strong></span> <span class='ocrx_word' id='word_1_8' title='bbox 1181 417 1292 481; x_wconf 88' lang='grc' dir='ltr'><strong><em>καὶ</em></strong></span> <span class='ocrx_word' id='word_1_9' title='bbox 1323 420 1703 497; x_wconf 73' lang='grc' dir='ltr'><strong><em>θεραπείας</em></strong></span> <span class='ocrx_word' id='word_1_10' title='bbox 1731 412 1919 494; x_wconf 80' lang='grc' dir='ltr'><strong><em>τινὰς</em></strong></span> <span class='ocrx_word' id='word_1_11' title='bbox 1959 415 2232 494; x_wconf 77' lang='grc' dir='ltr'><strong><em>ἕκαστος</em></strong></span> <span class='ocrx_word' id='word_1_12' title='bbox 2260 412 2432 483; x_wconf 78' lang='grc' dir='ltr'><strong><em>ὕπο-</em></strong></span> 
     </span>
     <span class='ocr_line' id='line_1_3' title="bbox 266 512 2434 608; baseline 0.001 -26"><span class='ocrx_word' id='word_1_13' title='bbox 266 516 661 601; x_wconf 89' lang='grc' dir='ltr'><strong><em>βάλλοντες·</em></strong></span> <span class='ocrx_word' id='word_1_14' title='bbox 694 512 729 583; x_wconf 82' lang='grc' dir='ltr'><strong><em>ὅ</em></strong></span> <span class='ocrx_word' id='word_1_15' title='bbox 761 520 919 602; x_wconf 87' lang='grc' dir='ltr'><strong><em>γοῦν</em></strong></span> <span class='ocrx_word' id='word_1_16' title='bbox 947 517 1354 606; x_wconf 87' lang='grc' dir='ltr'><strong><em>Κλεόδημος,</em></strong></span> <span class='ocrx_word' id='word_1_17' title='bbox 1389 518 1473 584; x_wconf 81' lang='grc' dir='ltr'><strong><em>Εἰ</em></strong></span> <span class='ocrx_word' id='word_1_18' title='bbox 1500 523 1743 599; x_wconf 82' lang='grc' dir='ltr'><em>τοίνυν,</em></span> <span class='ocrx_word' id='word_1_19' title='bbox 1777 523 1965 606; x_wconf 90' lang='grc' dir='ltr'><strong><em>φησί,</em></strong></span> <span class='ocrx_word' id='word_1_20' title='bbox 1997 522 2082 607; x_wconf 87' lang='grc' dir='ltr'><strong><em>τῇ</em></strong></span> <span class='ocrx_word' id='word_1_21' title='bbox 2114 512 2434 608; x_wconf 79' lang='grc' dir='ltr'><strong><em>ἆριστερᾷ</em></strong></span> 
     </span>
     <span class='ocr_line' id='line_1_4' title="bbox 269 612 2432 709; baseline 0.001 -25"><span class='ocrx_word' id='word_1_22' title='bbox 269 644 379 697; x_wconf 89' lang='grc' dir='ltr'><strong><em>τις</em></strong></span> <span class='ocrx_word' id='word_1_23' title='bbox 436 612 829 704; x_wconf 73' lang='grc' dir='ltr'><strong><em>ἀνελόμενος</em></strong></span> <span class='ocrx_word' id='word_1_24' title='bbox 882 623 1196 704; x_wconf 81' lang='grc' dir='ltr'><strong><em>χαμᾶθεν</em></strong></span> <span class='ocrx_word' id='word_1_25' title='bbox 1252 618 1369 687; x_wconf 84' lang='grc' dir='ltr'><strong><em>τὸν</em></strong></span> <span class='ocrx_word' id='word_1_26' title='bbox 1427 614 1676 687; x_wconf 77' lang='grc' dir='ltr'><strong><em>ὀδόντα</em></strong></span> <span class='ocrx_word' id='word_1_27' title='bbox 1730 622 1847 709; x_wconf 83' lang='grc' dir='ltr'><strong><em>τῆς</em></strong></span> <span class='ocrx_word' id='word_1_28' title='bbox 1906 622 2198 708; x_wconf 79' lang='grc' dir='ltr'><strong><em>μυγαλῆς</em></strong></span> <span class='ocrx_word' id='word_1_29' title='bbox 2257 612 2432 687; x_wconf 63' lang='grc' dir='ltr'><strong><em>οὕτω</em></strong></span> 
     </span>
     <span class='ocr_line' id='line_1_5' title="bbox 271 717 2436 811; baseline 0.001 -24"><span class='ocrx_word' id='word_1_30' title='bbox 271 727 743 810; x_wconf 72' lang='grc' dir='ltr'><strong><em>φονευθείσης,</em></strong></span> <span class='ocrx_word' id='word_1_31' title='bbox 775 717 867 799; x_wconf 86' lang='grc' dir='ltr'><strong><em>ῶς</em></strong></span> <span class='ocrx_word' id='word_1_32' title='bbox 897 736 1248 809; x_wconf 77' lang='grc' dir='ltr'><strong><em>προεῖπον,</em></strong></span> <span class='ocrx_word' id='word_1_33' title='bbox 1283 721 1613 811; x_wconf 77' lang='grc' dir='ltr'><strong><em>ἐνδήσειεν</em></strong></span> <span class='ocrx_word' id='word_1_34' title='bbox 1644 721 1712 800; x_wconf 76' lang='grc' dir='ltr'><strong><em>ἐς</em></strong></span> <span class='ocrx_word' id='word_1_35' title='bbox 1743 723 1952 808; x_wconf 86' lang='grc' dir='ltr'><strong><em>δέρμα</em></strong></span> <span class='ocrx_word' id='word_1_36' title='bbox 1983 725 2249 801; x_wconf 89' lang='grc' dir='ltr'><strong><em>λέοντος</em></strong></span> <span class='ocrx_word' id='word_1_37' title='bbox 2282 719 2436 810; x_wconf 70' lang='grc' dir='ltr'><strong><em>ἄρτι</em></strong></span> 
     </span>
     <span class='ocr_line' id='line_1_6' title="bbox 272 817 2435 912; baseline 0.001 -23"><span class='ocrx_word' id='word_1_38' title='bbox 272 817 752 909; x_wconf 80' lang='grc' dir='ltr'><strong><em>ἆποδαρέντος,</em></strong></span> <span class='ocrx_word' id='word_1_39' title='bbox 801 819 948 890; x_wconf 85' lang='grc' dir='ltr'><strong><em>εἶτα</em></strong></span> <span class='ocrx_word' id='word_1_40' title='bbox 990 824 1357 911; x_wconf 83' lang='grc' dir='ltr'><strong><em>περιάψειε</em></strong></span> <span class='ocrx_word' id='word_1_41' title='bbox 1386 823 1658 906; x_wconf 80' lang='grc' dir='ltr'><strong><em>περὶτὰ</em></strong></span> <span class='ocrx_word' id='word_1_42' title='bbox 1695 827 1908 912; x_wconf 80' lang='grc' dir='ltr'><strong><em>σκέλη,</em></strong></span> <span class='ocrx_word' id='word_1_43' title='bbox 1956 819 2193 892; x_wconf 77' lang='grc' dir='ltr'><strong><em>αὐτίκα</em></strong></span> <span class='ocrx_word' id='word_1_44' title='bbox 2222 825 2435 891; x_wconf 91' lang='grc' dir='ltr'><strong><em>παύε-</em></strong></span> 
     </span>
     <span class='ocr_line' id='line_1_7' title="bbox 188 915 2433 1014; baseline 0.001 -23"><span class='ocrx_word' id='word_1_45' title='bbox 188 940 390 992; x_wconf 78' lang='grc' dir='ltr'><strong><em>36ται</em></strong></span> <span class='ocrx_word' id='word_1_46' title='bbox 433 925 509 992; x_wconf 84' lang='grc' dir='ltr'><strong><em>τὸ</em></strong></span> <span class='ocrx_word' id='word_1_47' title='bbox 559 921 842 1014; x_wconf 72' lang='grc' dir='ltr'><strong><em>ἄλγημα.</em></strong></span> <span class='ocrx_word' id='word_1_48' title='bbox 943 915 1077 993; x_wconf 60' lang='lat' dir='ltr'><strong><em>Oine</em></strong></span> <span class='ocrx_word' id='word_1_49' title='bbox 1122 925 1188 1005; x_wconf 73' lang='grc' dir='ltr'><strong><em>ἐς</em></strong></span> <span class='ocrx_word' id='word_1_50' title='bbox 1234 928 1519 1005; x_wconf 87' lang='grc' dir='ltr'><strong><em>λέοντος,</em></strong></span> <span class='ocrx_word' id='word_1_51' title='bbox 1567 926 1695 1014; x_wconf 72' lang='grc' dir='ltr'><strong><em>ἔφη</em></strong></span> <span class='ocrx_word' id='word_1_52' title='bbox 1742 920 1777 994; x_wconf 82' lang='grc' dir='ltr'><em>ὃ</em></span> <span class='ocrx_word' id='word_1_53' title='bbox 1823 927 2260 1011; x_wconf 88' lang='grc' dir='ltr'><strong><em>Δεινόμαχος,</em></strong></span> <span class='ocrx_word' id='word_1_54' title='bbox 2308 927 2433 1014; x_wconf 76' lang='grc' dir='ltr'><strong><em>ἐγώ</em></strong></span> 
     </span>
     <span class='ocr_line' id='line_1_8' title="bbox 270 1023 2434 1117; baseline 0.001 -23"><span class='ocrx_word' id='word_1_55' title='bbox 270 1023 543 1117; x_wconf 82' lang='grc' dir='ltr'><strong><em>ἤκουσα,</em></strong></span> <span class='ocrx_word' id='word_1_56' title='bbox 592 1026 849 1115; x_wconf 76' lang='grc' dir='ltr'><strong><em>ἐλάφου</em></strong></span> <span class='ocrx_word' id='word_1_57' title='bbox 895 1029 968 1095; x_wconf 81' lang='grc' dir='ltr'><strong><em>δὲ</em></strong></span> <span class='ocrx_word' id='word_1_58' title='bbox 998 1031 1282 1117; x_wconf 90' lang='grc' dir='ltr'><strong><em>θηλείας</em></strong></span> <span class='ocrx_word' id='word_1_59' title='bbox 1325 1029 1426 1096; x_wconf 75' lang='grc' dir='ltr'><strong><em>ἔτι</em></strong></span> <span class='ocrx_word' id='word_1_60' title='bbox 1456 1034 1807 1115; x_wconf 81' lang='grc' dir='ltr'><strong><em>παρθένου</em></strong></span> <span class='ocrx_word' id='word_1_61' title='bbox 1835 1033 1948 1097; x_wconf 91' lang='grc' dir='ltr'><strong><em>καὶ</em></strong></span> <span class='ocrx_word' id='word_1_62' title='bbox 1993 1023 2278 1114; x_wconf 81' lang='grc' dir='ltr'><strong><em>ἆβάτου·</em></strong></span> <span class='ocrx_word' id='word_1_63' title='bbox 2323 1033 2434 1096; x_wconf 86' lang='grc' dir='ltr'><strong><em>καὶ</em></strong></span> 
     </span>
     <span class='ocr_line' id='line_1_9' title="bbox 270 1125 2435 1220; baseline 0.001 -24"><span class='ocrx_word' id='word_1_64' title='bbox 270 1130 351 1197; x_wconf 90' lang='grc' dir='ltr'><strong><em>τὸ</em></strong></span> <span class='ocrx_word' id='word_1_65' title='bbox 412 1132 692 1216; x_wconf 80' lang='grc' dir='ltr'><strong><em>πρᾶγμα</em></strong></span> <span class='ocrx_word' id='word_1_66' title='bbox 749 1128 921 1197; x_wconf 70' lang='grc' dir='ltr'><strong><em>οὕτω</em></strong></span> <span class='ocrx_word' id='word_1_67' title='bbox 979 1130 1487 1213; x_wconf 86' lang='grc' dir='ltr'><strong><em>πιθανώτερον·</em></strong></span> <span class='ocrx_word' id='word_1_68' title='bbox 1557 1125 1685 1198; x_wconf 76' lang='grc' dir='ltr'><strong><em>ῶκυ</em></strong></span> <span class='ocrx_word' id='word_1_69' title='bbox 1740 1131 1864 1217; x_wconf 83' lang='grc' dir='ltr'><strong><em>γὰρ</em></strong></span> <span class='ocrx_word' id='word_1_70' title='bbox 1918 1127 1957 1220; x_wconf 84' lang='grc' dir='ltr'>ἡ</span> <span class='ocrx_word' id='word_1_71' title='bbox 2020 1131 2269 1220; x_wconf 71' lang='grc' dir='ltr'><strong><em>ἔλαφος</em></strong></span> <span class='ocrx_word' id='word_1_72' title='bbox 2324 1136 2435 1199; x_wconf 87' lang='grc' dir='ltr'><strong><em>καὶ</em></strong></span> 
     </span>
     <span class='ocr_line' id='line_1_10' title="bbox 277 1230 2435 1319; baseline 0.001 -20"><span class='ocrx_word' id='word_1_73' title='bbox 277 1232 565 1317; x_wconf 74' lang='grc' dir='ltr'><strong><em>ἔρρωται</em></strong></span> <span class='ocrx_word' id='word_1_74' title='bbox 608 1230 906 1317; x_wconf 89' lang='grc' dir='ltr'><strong><em>μάλιστα</em></strong></span> <span class='ocrx_word' id='word_1_75' title='bbox 952 1232 1020 1299; x_wconf 77' lang='grc' dir='ltr'><strong><em>ἐκ</em></strong></span> <span class='ocrx_word' id='word_1_76' title='bbox 1068 1237 1199 1301; x_wconf 85' lang='grc' dir='ltr'><strong><em>τῶν</em></strong></span> <span class='ocrx_word' id='word_1_77' title='bbox 1230 1234 1481 1301; x_wconf 81' lang='grc' dir='ltr'><strong><em>ποδῶν.</em></strong></span> <span class='ocrx_word' id='word_1_78' title='bbox 1558 1230 1593 1301; x_wconf 82' lang='grc' dir='ltr'><em>ὃ</em></span> <span class='ocrx_word' id='word_1_79' title='bbox 1642 1234 1715 1300; x_wconf 81' lang='grc' dir='ltr'><strong><em>δὲ</em></strong></span> <span class='ocrx_word' id='word_1_80' title='bbox 1760 1235 1928 1300; x_wconf 86' lang='grc' dir='ltr'><strong><em>λέων</em></strong></span> <span class='ocrx_word' id='word_1_81' title='bbox 1976 1230 2253 1318; x_wconf 72' lang='grc' dir='ltr'><strong><em>ἄλκιμος</em></strong></span> <span class='ocrx_word' id='word_1_82' title='bbox 2296 1240 2435 1319; x_wconf 87' lang='grc' dir='ltr'><strong><em>μέν,</em></strong></span> 
     </span>
     <span class='ocr_line' id='line_1_11' title="bbox 272 1329 2439 1423; baseline 0.002 -23"><span class='ocrx_word' id='word_1_83' title='bbox 272 1337 388 1401; x_wconf 86' lang='grc' dir='ltr'><strong><em>καὶ</em></strong></span> <span class='ocrx_word' id='word_1_84' title='bbox 429 1335 506 1401; x_wconf 88' lang='grc' dir='ltr'><strong><em>τὸ</em></strong></span> <span class='ocrx_word' id='word_1_85' title='bbox 559 1336 760 1412; x_wconf 91' lang='grc' dir='ltr'><strong><em>λίπος</em></strong></span> <span class='ocrx_word' id='word_1_86' title='bbox 820 1329 1023 1401; x_wconf 73' lang='grc' dir='ltr'><strong><em>αὐτοῦ</em></strong></span> <span class='ocrx_word' id='word_1_87' title='bbox 1063 1339 1175 1403; x_wconf 87' lang='grc' dir='ltr'><strong><em>καὶ</em></strong></span> <span class='ocrx_word' id='word_1_88' title='bbox 1220 1332 1259 1421; x_wconf 83' lang='grc' dir='ltr'>ἡ</span> <span class='ocrx_word' id='word_1_89' title='bbox 1303 1337 1446 1420; x_wconf 84' lang='grc' dir='ltr'><strong><em>χεὶρ</em></strong></span> <span class='ocrx_word' id='word_1_90' title='bbox 1492 1331 1531 1423; x_wconf 84' lang='grc' dir='ltr'>ἡ</span> <span class='ocrx_word' id='word_1_91' title='bbox 1594 1334 1778 1414; x_wconf 83' lang='grc' dir='ltr'><strong><em>δεξιὰ</em></strong></span> <span class='ocrx_word' id='word_1_92' title='bbox 1833 1339 1942 1403; x_wconf 86' lang='grc' dir='ltr'><strong><em>καὶ</em></strong></span> <span class='ocrx_word' id='word_1_93' title='bbox 1994 1336 2066 1402; x_wconf 79' lang='grc' dir='ltr'><strong><em>αἱ</em></strong></span> <span class='ocrx_word' id='word_1_94' title='bbox 2108 1342 2326 1421; x_wconf 88' lang='grc' dir='ltr'><strong><em>τρίχες</em></strong></span> <span class='ocrx_word' id='word_1_95' title='bbox 2370 1335 2439 1404; x_wconf 77' lang='grc' dir='ltr'><strong><em>ἐκ</em></strong></span> 
     </span>
     <span class='ocr_line' id='line_1_12' title="bbox 271 1432 2436 1525; baseline 0 -22"><span class='ocrx_word' id='word_1_96' title='bbox 271 1440 396 1504; x_wconf 82' lang='grc' dir='ltr'><strong><em>τοῦ</em></strong></span> <span class='ocrx_word' id='word_1_97' title='bbox 438 1437 766 1523; x_wconf 79' lang='grc' dir='ltr'><strong><em>πώγωνος</em></strong></span> <span class='ocrx_word' id='word_1_98' title='bbox 812 1464 882 1505; x_wconf 88' lang='grc' dir='ltr'><strong><em>αι</em></strong></span> <span class='ocrx_word' id='word_1_99' title='bbox 929 1432 1142 1525; x_wconf 87' lang='grc' dir='ltr'><strong><em>ορθαὶ</em></strong></span> <span class='ocrx_word' id='word_1_100' title='bbox 1171 1438 1427 1524; x_wconf 88' lang='grc' dir='ltr'><strong><em>μεγάλα</em></strong></span> <span class='ocrx_word' id='word_1_101' title='bbox 1460 1438 1794 1520; x_wconf 85' lang='grc' dir='ltr'><strong><em>δύνανται,</em></strong></span> <span class='ocrx_word' id='word_1_102' title='bbox 1843 1439 1910 1505; x_wconf 75' lang='grc' dir='ltr'><strong><em>εἴ</em></strong></span> <span class='ocrx_word' id='word_1_103' title='bbox 1934 1462 2038 1516; x_wconf 92' lang='grc' dir='ltr'><strong><em>τις</em></strong></span> <span class='ocrx_word' id='word_1_104' title='bbox 2083 1437 2436 1504; x_wconf 88' lang='grc' dir='ltr'><strong><em>επίσταιτο</em></strong></span> 
     </span>
     <span class='ocr_line' id='line_1_13' title="bbox 275 1535 2439 1630; baseline -0 -24"><span class='ocrx_word' id='word_1_105' title='bbox 275 1535 507 1619; x_wconf 74' lang='grc' dir='ltr'><strong><em>αὐτοῖς</em></strong></span> <span class='ocrx_word' id='word_1_106' title='bbox 546 1545 848 1626; x_wconf 85' lang='grc' dir='ltr'><strong><em>χρῆσθαι</em></strong></span> <span class='ocrx_word' id='word_1_107' title='bbox 891 1565 1059 1625; x_wconf 90' lang='grc' dir='ltr'><strong><em>μετα</em></strong></span> <span class='ocrx_word' id='word_1_108' title='bbox 1103 1545 1222 1630; x_wconf 86' lang='grc' dir='ltr'><strong><em>τῆς</em></strong></span> <span class='ocrx_word' id='word_1_109' title='bbox 1268 1540 1519 1617; x_wconf 81' lang='grc' dir='ltr'><strong><em>οἰκείας</em></strong></span> <span class='ocrx_word' id='word_1_110' title='bbox 1563 1538 1831 1625; x_wconf 79' lang='grc' dir='ltr'><strong><em>ἐπῳδῆς</em></strong></span> <span class='ocrx_word' id='word_1_111' title='bbox 1868 1539 2157 1625; x_wconf 85' lang='grc' dir='ltr'><strong><em>εκάστῳ·</em></strong></span> <span class='ocrx_word' id='word_1_112' title='bbox 2206 1539 2439 1605; x_wconf 82' lang='grc' dir='ltr'><strong><em>ποδῶν</em></strong></span> 
     </span>
     <span class='ocr_line' id='line_1_14' title="bbox 278 1627 2437 1730; baseline 0 -22"><span class='ocrx_word' id='word_1_113' title='bbox 278 1642 398 1709; x_wconf 81' lang='grc' dir='ltr'><strong><em>δὲ’</em></strong></span> <span class='ocrx_word' id='word_1_114' title='bbox 384 1641 566 1709; x_wconf 85' lang='grc' dir='ltr'><strong><em>ίασιν</em></strong></span> <span class='ocrx_word' id='word_1_115' title='bbox 598 1640 836 1730; x_wconf 79' lang='grc' dir='ltr'><strong><em>ἥκιστα</em></strong></span> <span class='ocrx_word' id='word_1_116' title='bbox 867 1643 1167 1712; x_wconf 88' lang='grc' dir='ltr'><strong><em>δύναται.</em></strong></span> <span class='ocrx_word' id='word_1_117' title='bbox 1232 1645 1370 1709; x_wconf 85' lang='grc' dir='ltr'><strong><em>Καὶ</em></strong></span> <span class='ocrx_word' id='word_1_118' title='bbox 1404 1637 1621 1723; x_wconf 77' lang='grc' dir='ltr'><strong><em>αὐτός,</em></strong></span> <span class='ocrx_word' id='word_1_119' title='bbox 1668 1627 1708 1727; x_wconf 80' lang='grc' dir='ltr'><strong><em>ἦ</em></strong></span> <span class='ocrx_word' id='word_1_120' title='bbox 1742 1637 1805 1708; x_wconf 78' lang='grc' dir='ltr'><strong><em>δ’</em></strong></span> <span class='ocrx_word' id='word_1_121' title='bbox 1854 1666 1929 1720; x_wconf 91' lang='grc' dir='ltr'><strong><em>ος</em></strong></span> <span class='ocrx_word' id='word_1_122' title='bbox 1961 1638 1996 1707; x_wconf 82' lang='lat' dir='ltr'><strong><em>o‘</em></strong></span> <span class='ocrx_word' id='word_1_123' title='bbox 2027 1640 2437 1729; x_wconf 88' lang='grc' dir='ltr'><strong><em>Κλεόδημος,</em></strong></span> 
     </span>
     <span class='ocr_line' id='line_1_15' title="bbox 277 1742 2442 1872; baseline 0 -61"><span class='ocrx_word' id='word_1_124' title='bbox 277 1742 457 1811; x_wconf 91' lang='grc' dir='ltr'><strong><em>ούτω</em></strong></span> <span class='ocrx_word' id='word_1_125' title='bbox 503 1747 722 1813; x_wconf 86' lang='grc' dir='ltr'><strong><em>πάλαι</em></strong></span> <span class='ocrx_word' id='word_1_126' title='bbox 767 1745 1159 1872; x_wconf 86' lang='grc' dir='ltr'><strong><em>εγίγνωσκον</em></strong></span> <span class='ocrx_word' id='word_1_127' title='bbox 1198 1744 1453 1832; x_wconf 75' lang='grc' dir='ltr'><strong><em>ἐλάφου</em></strong></span> <span class='ocrx_word' id='word_1_128' title='bbox 1482 1746 1719 1829; x_wconf 86' lang='grc' dir='ltr'><strong><em>χρῆναι</em></strong></span> <span class='ocrx_word' id='word_1_129' title='bbox 1767 1744 1976 1830; x_wconf 89' lang='grc' dir='ltr'><strong><em>δέρμα</em></strong></span> <span class='ocrx_word' id='word_1_130' title='bbox 2022 1742 2213 1827; x_wconf 82' lang='grc' dir='ltr'><strong><em>εἶναι,</em></strong></span> <span class='ocrx_word' id='word_1_131' title='bbox 2262 1742 2442 1812; x_wconf 92' lang='grc' dir='ltr'><strong><em>διότι</em></strong></span> 
     </span>
     <span class='ocr_line' id='line_1_16' title="bbox 277 1840 2442 1934; baseline 0 -23"><span class='ocrx_word' id='word_1_132' title='bbox 277 1840 411 1912; x_wconf 82' lang='grc' dir='ltr'><strong><em>ὠκὺ</em></strong></span> <span class='ocrx_word' id='word_1_133' title='bbox 459 1846 739 1934; x_wconf 77' lang='grc' dir='ltr'><strong><em>ἐ’λαφος·</em></strong></span> <span class='ocrx_word' id='word_1_134' title='bbox 799 1847 1067 1933; x_wconf 88' lang='grc' dir='ltr'><strong><em>ε’ναγχος</em></strong></span> <span class='ocrx_word' id='word_1_135' title='bbox 1125 1848 1197 1914; x_wconf 84' lang='grc' dir='ltr'><strong><em>δὲ</em></strong></span> <span class='ocrx_word' id='word_1_136' title='bbox 1242 1852 1470 1932; x_wconf 85' lang='grc' dir='ltr'><strong><em>Λίβυς</em></strong></span> <span class='ocrx_word' id='word_1_137' title='bbox 1528 1840 1691 1931; x_wconf 77' lang='grc' dir='ltr'><strong><em>ἀνὴρ</em></strong></span> <span class='ocrx_word' id='word_1_138' title='bbox 1753 1846 1967 1934; x_wconf 86' lang='grc' dir='ltr'><strong><em>σοφὸς</em></strong></span> <span class='ocrx_word' id='word_1_139' title='bbox 2022 1847 2107 1912; x_wconf 85' lang='grc' dir='ltr'><strong><em>τὰ</em></strong></span> <span class='ocrx_word' id='word_1_140' title='bbox 2161 1851 2442 1914; x_wconf 79' lang='grc' dir='ltr'><strong><em>τοιαῦτα</em></strong></span> 
     </span>
     <span class='ocr_line' id='line_1_17' title="bbox 275 1945 2442 2036; baseline 0 -22"><span class='ocrx_word' id='word_1_141' title='bbox 275 1949 668 2032; x_wconf 83' lang='grc' dir='ltr'><strong><em>μετεδίδαξέ</em></strong></span> <span class='ocrx_word' id='word_1_142' title='bbox 724 1973 807 2032; x_wconf 90' lang='grc' dir='ltr'><strong><em>με</em></strong></span> <span class='ocrx_word' id='word_1_143' title='bbox 865 1947 1078 2015; x_wconf 77' lang='grc' dir='ltr'><strong><em>εἰπών</em></strong></span> <span class='ocrx_word' id='word_1_144' title='bbox 1136 1946 1503 2035; x_wconf 81' lang='grc' dir='ltr'><strong><em>ὠκυτέρους</em></strong></span> <span class='ocrx_word' id='word_1_145' title='bbox 1561 1945 1735 2015; x_wconf 85' lang='grc' dir='ltr'><strong><em>εἶναι</em></strong></span> <span class='ocrx_word' id='word_1_146' title='bbox 1792 1953 1924 2016; x_wconf 92' lang='grc' dir='ltr'><strong><em>τῶν</em></strong></span> <span class='ocrx_word' id='word_1_147' title='bbox 1972 1948 2241 2036; x_wconf 79' lang='grc' dir='ltr'><strong><em>ἐλάφων</em></strong></span> <span class='ocrx_word' id='word_1_148' title='bbox 2285 1949 2442 2027; x_wconf 84' lang='grc' dir='ltr'><strong><em>τοὺς</em></strong></span> 
     </span>
     <span class='ocr_line' id='line_1_18' title="bbox 277 2043 2441 2139; baseline 0 -23"><span class='ocrx_word' id='word_1_149' title='bbox 277 2052 575 2129; x_wconf 88' lang='grc' dir='ltr'><strong><em>λέοντας.</em></strong></span> <span class='ocrx_word' id='word_1_150' title='bbox 653 2047 902 2135; x_wconf 84' lang='grc' dir='ltr'><strong><em>άμέλει,</em></strong></span> <span class='ocrx_word' id='word_1_151' title='bbox 936 2049 1086 2137; x_wconf 76' lang='grc' dir='ltr'><strong><em>ἐ’φη,</em></strong></span> <span class='ocrx_word' id='word_1_152' title='bbox 1117 2053 1228 2117; x_wconf 87' lang='grc' dir='ltr'><strong><em>καὶ</em></strong></span> <span class='ocrx_word' id='word_1_153' title='bbox 1264 2051 1567 2134; x_wconf 81' lang='grc' dir='ltr'><strong><em>αἱροῦσιν</em></strong></span> <span class='ocrx_word' id='word_1_154' title='bbox 1602 2043 1807 2129; x_wconf 81' lang='grc' dir='ltr'><strong><em>αύτας</em></strong></span> <span class='ocrx_word' id='word_1_155' title='bbox 1839 2043 2206 2129; x_wconf 84' lang='grc' dir='ltr'><strong><em>διῶκοντες.</em></strong></span> <span class='ocrx_word' id='word_1_156' title='bbox 2272 2049 2441 2139; x_wconf 76' lang='grc' dir='ltr'><strong><em>ἐπή-</em></strong></span> 
     </span>
     <span class='ocr_line' id='line_1_19' title="bbox 277 2148 2508 2240; baseline -0 -20"><span class='ocrx_word' id='word_1_157' title='bbox 277 2176 480 2220; x_wconf 85' lang='grc' dir='ltr'><strong><em>νεσαν</em></strong></span> <span class='ocrx_word' id='word_1_158' title='bbox 524 2153 590 2219; x_wconf 81' lang='grc' dir='ltr'><strong><em>οἱ</em></strong></span> <span class='ocrx_word' id='word_1_159' title='bbox 634 2152 964 2240; x_wconf 88' lang='grc' dir='ltr'><strong><em>παρόντες</em></strong></span> <span class='ocrx_word' id='word_1_160' title='bbox 995 2148 1084 2230; x_wconf 89' lang='grc' dir='ltr'><strong><em>ῶς</em></strong></span> <span class='ocrx_word' id='word_1_161' title='bbox 1116 2177 1187 2219; x_wconf 93' lang='grc' dir='ltr'><strong><em>ευ</em></strong></span> <span class='ocrx_word' id='word_1_162' title='bbox 1219 2152 1531 2231; x_wconf 84' lang='grc' dir='ltr'><strong><em>εἰπόντος</em></strong></span> <span class='ocrx_word' id='word_1_163' title='bbox 1559 2156 1680 2219; x_wconf 85' lang='grc' dir='ltr'><strong><em>τοῦ</em></strong></span> <span class='ocrx_word' id='word_1_164' title='bbox 1709 2159 1996 2239; x_wconf 81' lang='grc' dir='ltr'><strong><em>Λίβυος.</em></strong></span> <span class='ocrx_word' id='word_1_165' title='bbox 2072 2160 2129 2221; x_wconf 88' lang='grc'><strong><em>8.</em></strong></span> <span class='ocrx_word' id='word_1_166' title='bbox 2177 2153 2302 2240; x_wconf 77' lang='grc' dir='ltr'><strong><em>ἐγὼ</em></strong></span> <span class='ocrx_word' id='word_1_167' title='bbox 2343 2155 2508 2234; x_wconf 85' lang='grc' dir='ltr'><strong><em>δέ,8</em></strong></span> 
     </span>
     <span class='ocr_line' id='line_1_20' title="bbox 289 2246 2442 2346; baseline 0.001 -24"><span class='ocrx_word' id='word_1_168' title='bbox 289 2255 554 2323; x_wconf 75' lang='grc' dir='ltr'><strong><em>Οῗεσθε</em></strong></span> <span class='ocrx_word' id='word_1_169' title='bbox 595 2254 739 2342; x_wconf 90' lang='grc' dir='ltr'><strong><em>γάρ,</em></strong></span> <span class='ocrx_word' id='word_1_170' title='bbox 784 2254 972 2345; x_wconf 83' lang='grc' dir='ltr'><strong><em>ἐ’φην,</em></strong></span> <span class='ocrx_word' id='word_1_171' title='bbox 1025 2253 1322 2342; x_wconf 82' lang='grc' dir='ltr'><strong><em>επῳδαῖς</em></strong></span> <span class='ocrx_word' id='word_1_172' title='bbox 1364 2278 1507 2321; x_wconf 91' lang='grc' dir='ltr'><strong><em>τισι</em></strong></span> <span class='ocrx_word' id='word_1_173' title='bbox 1549 2254 1636 2322; x_wconf 80' lang='grc' dir='ltr'><strong><em>τὰ</em></strong></span> <span class='ocrx_word' id='word_1_174' title='bbox 1677 2259 1959 2324; x_wconf 82' lang='grc' dir='ltr'><strong><em>τοιαῦτα</em></strong></span> <span class='ocrx_word' id='word_1_175' title='bbox 2002 2255 2353 2324; x_wconf 87' lang='grc' dir='ltr'><strong><em>παύεσθαι</em></strong></span> <span class='ocrx_word' id='word_1_176' title='bbox 2399 2246 2442 2346; x_wconf 78' lang='grc' dir='ltr'><em>ἢ</em></span> 
     </span>
     <span class='ocr_line' id='line_1_21' title="bbox 276 2357 2443 2448; baseline 0 -23"><span class='ocrx_word' id='word_1_177' title='bbox 276 2373 425 2436; x_wconf 91' lang='grc' dir='ltr'><strong><em>τοῖς</em></strong></span> <span class='ocrx_word' id='word_1_178' title='bbox 471 2357 726 2436; x_wconf 83' lang='grc' dir='ltr'><strong><em>ε’ξωθεν</em></strong></span> <span class='ocrx_word' id='word_1_179' title='bbox 770 2380 1254 2447; x_wconf 87' lang='grc' dir='ltr'><strong><em>παραρτημασι</em></strong></span> <span class='ocrx_word' id='word_1_180' title='bbox 1296 2362 1416 2424; x_wconf 85' lang='grc' dir='ltr'><strong><em>τοῦ</em></strong></span> <span class='ocrx_word' id='word_1_181' title='bbox 1458 2362 1660 2425; x_wconf 82' lang='grc' dir='ltr'><strong><em>κακοῦ</em></strong></span> <span class='ocrx_word' id='word_1_182' title='bbox 1705 2358 1892 2426; x_wconf 87' lang='grc' dir='ltr'><strong><em>ε’νδον</em></strong></span> <span class='ocrx_word' id='word_1_183' title='bbox 1949 2360 2443 2448; x_wconf 87' lang='grc' dir='ltr'><strong><em>διατρίβοντος,·</em></strong></span> 
     </span>
     <span class='ocr_line' id='line_1_22' title="bbox 274 2448 2443 2588; baseline 0 -62.003"><span class='ocrx_word' id='word_1_184' title='bbox 274 2458 603 2546; x_wconf 87' lang='grc' dir='ltr'><strong><em>εγέλασαν</em></strong></span> <span class='ocrx_word' id='word_1_185' title='bbox 652 2458 767 2527; x_wconf 90' lang='grc' dir='ltr'><strong><em>επὶ</em></strong></span> <span class='ocrx_word' id='word_1_186' title='bbox 811 2464 910 2546; x_wconf 74' lang='grc' dir='ltr'><strong><em>τῷ</em></strong></span> <span class='ocrx_word' id='word_1_187' title='bbox 957 2460 1130 2547; x_wconf 81' lang='grc' dir='ltr'><strong><em>λόγῳ</em></strong></span> <span class='ocrx_word' id='word_1_188' title='bbox 1173 2485 1302 2545; x_wconf 92' lang='grc' dir='ltr'><strong><em>μου</em></strong></span> <span class='ocrx_word' id='word_1_189' title='bbox 1346 2462 1459 2526; x_wconf 85' lang='grc' dir='ltr'><strong><em>καὶ</em></strong></span> <span class='ocrx_word' id='word_1_190' title='bbox 1512 2460 1704 2549; x_wconf 84' lang='grc' dir='ltr'><strong><em>δῆλοι</em></strong></span> <span class='ocrx_word' id='word_1_191' title='bbox 1746 2448 1917 2550; x_wconf 76' lang='grc' dir='ltr'><strong><em>ἦσαν</em></strong></span> <span class='ocrx_word' id='word_1_192' title='bbox 1960 2456 2443 2588; x_wconf 87' lang='grc' dir='ltr'><strong><em>κατεγνωκότες</em></strong></span> 
     </span>
     <span class='ocr_line' id='line_1_23' title="bbox 280 2559 2442 2689; baseline 0.001 -60"><span class='ocrx_word' id='word_1_193' title='bbox 280 2587 413 2645; x_wconf 90' lang='grc' dir='ltr'><strong><em>μου</em></strong></span> <span class='ocrx_word' id='word_1_194' title='bbox 459 2562 716 2649; x_wconf 88' lang='grc' dir='ltr'><strong><em>πολλὴν</em></strong></span> <span class='ocrx_word' id='word_1_195' title='bbox 771 2562 889 2648; x_wconf 90' lang='grc' dir='ltr'><strong><em>τὴν</em></strong></span> <span class='ocrx_word' id='word_1_196' title='bbox 937 2588 1198 2644; x_wconf 87' lang='grc' dir='ltr'><strong><em>ανοιαν,</em></strong></span> <span class='ocrx_word' id='word_1_197' title='bbox 1259 2561 1410 2628; x_wconf 91' lang='grc' dir='ltr'><strong><em>επεὶ</em></strong></span> <span class='ocrx_word' id='word_1_198' title='bbox 1452 2559 1541 2681; x_wconf 83' lang='grc' dir='ltr'><strong><em>μὴ</em></strong></span> <span class='ocrx_word' id='word_1_199' title='bbox 1605 2561 2010 2651; x_wconf 78' lang='grc' dir='ltr'><strong><em>ἐπισταίμην</em></strong></span> <span class='ocrx_word' id='word_1_200' title='bbox 2054 2565 2139 2630; x_wconf 81' lang='grc' dir='ltr'><strong><em>τὰ</em></strong></span> <span class='ocrx_word' id='word_1_201' title='bbox 2185 2566 2442 2689; x_wconf 86' lang='grc' dir='ltr'><strong><em>προδη-</em></strong></span> 
     </span>
     <span class='ocr_line' id='line_1_24' title="bbox 274 2658 2443 2751; baseline 0 -22.005"><span class='ocrx_word' id='word_1_202' title='bbox 274 2663 535 2732; x_wconf 86' lang='grc' dir='ltr'><strong><em>λότατα</em></strong></span> <span class='ocrx_word' id='word_1_203' title='bbox 577 2667 691 2731; x_wconf 85' lang='grc' dir='ltr'><strong><em>καὶ</em></strong></span> <span class='ocrx_word' id='word_1_204' title='bbox 736 2667 896 2749; x_wconf 84' lang='grc' dir='ltr'><strong><em>περὶ</em></strong></span> <span class='ocrx_word' id='word_1_205' title='bbox 926 2658 1015 2730; x_wconf 82' lang='grc' dir='ltr'><strong><em>ὧν</em></strong></span> <span class='ocrx_word' id='word_1_206' title='bbox 1048 2691 1127 2730; x_wconf 93' lang='grc' dir='ltr'><strong><em>αν</em></strong></span> <span class='ocrx_word' id='word_1_207' title='bbox 1173 2660 1392 2742; x_wconf 76' lang='grc' dir='ltr'><strong><em>οὐδεὶς</em></strong></span> <span class='ocrx_word' id='word_1_208' title='bbox 1431 2689 1501 2731; x_wconf 93' lang='grc' dir='ltr'><strong><em>ευ</em></strong></span> <span class='ocrx_word' id='word_1_209' title='bbox 1535 2668 1802 2751; x_wconf 83' lang='grc' dir='ltr'><strong><em>φρονῶν</em></strong></span> <span class='ocrx_word' id='word_1_210' title='bbox 1836 2660 2147 2732; x_wconf 83' lang='grc' dir='ltr'><strong><em>άντείποι</em></strong></span> <span class='ocrx_word' id='word_1_211' title='bbox 2189 2667 2278 2750; x_wconf 90' lang='grc' dir='ltr'><strong><em>μὴ</em></strong></span> <span class='ocrx_word' id='word_1_212' title='bbox 2329 2662 2443 2748; x_wconf 81' lang='grc' dir='ltr'><strong><em>οὐχ</em></strong></span> 
     </span>
     <span class='ocr_line' id='line_1_25' title="bbox 284 2762 2446 2855; baseline -0 -22"><span class='ocrx_word' id='word_1_213' title='bbox 284 2763 500 2844; x_wconf 74' lang='grc' dir='ltr'><strong><em>οὕτως</em></strong></span> <span class='ocrx_word' id='word_1_214' title='bbox 531 2766 717 2849; x_wconf 85' lang='grc' dir='ltr'><strong><em>ε’χειν.</em></strong></span> <span class='ocrx_word' id='word_1_215' title='bbox 777 2762 811 2833; x_wconf 82' lang='grc' dir='ltr'><em>ὃ</em></span> <span class='ocrx_word' id='word_1_216' title='bbox 845 2766 1135 2849; x_wconf 61' lang='grc' dir='ltr'><strong><em>μέντοι)</em></strong></span> <span class='ocrx_word' id='word_1_217' title='bbox 1111 2765 1340 2851; x_wconf 87' lang='grc' dir='ltr'><strong><em>ιατρὸς</em></strong></span> <span class='ocrx_word' id='word_1_218' title='bbox 1357 2762 1734 2851; x_wconf 83' lang='grc' dir='ltr'><strong><em>Ἀντίγονος</em></strong></span> <span class='ocrx_word' id='word_1_219' title='bbox 1759 2765 1973 2833; x_wconf 92' lang='grc' dir='ltr'><strong><em>εδόκει</em></strong></span> <span class='ocrx_word' id='word_1_220' title='bbox 1993 2793 2114 2851; x_wconf 94' lang='grc' dir='ltr'><strong><em>μοι</em></strong></span> <span class='ocrx_word' id='word_1_221' title='bbox 2141 2763 2446 2855; x_wconf 81' lang='grc' dir='ltr'><strong><em>ἡσθῆναι</em></strong></span> 
     </span>
     <span class='ocr_line' id='line_1_26' title="bbox 281 2864 2444 2957; baseline 0.001 -23"><span class='ocrx_word' id='word_1_222' title='bbox 281 2873 367 2956; x_wconf 82' lang='grc' dir='ltr'><strong><em>τῇ</em></strong></span> <span class='ocrx_word' id='word_1_223' title='bbox 421 2867 744 2955; x_wconf 85' lang='grc' dir='ltr'><strong><em>ερωτήσει</em></strong></span> <span class='ocrx_word' id='word_1_224' title='bbox 795 2888 957 2952; x_wconf 90' lang='grc' dir='ltr'><strong><em>μου·</em></strong></span> <span class='ocrx_word' id='word_1_225' title='bbox 1026 2869 1245 2934; x_wconf 88' lang='grc' dir='ltr'><strong><em>πάλαι</em></strong></span> <span class='ocrx_word' id='word_1_226' title='bbox 1298 2867 1425 2955; x_wconf 81' lang='grc' dir='ltr'><strong><em>γὰρ</em></strong></span> <span class='ocrx_word' id='word_1_227' title='bbox 1481 2864 1817 2957; x_wconf 84' lang='grc' dir='ltr'><strong><em>ἠμελεῖτο,</em></strong></span> <span class='ocrx_word' id='word_1_228' title='bbox 1879 2865 2095 2952; x_wconf 83' lang='grc' dir='ltr'><strong><em>οἶμαι,</em></strong></span> <span class='ocrx_word' id='word_1_229' title='bbox 2161 2874 2444 2957; x_wconf 84' lang='grc' dir='ltr'><strong><em>βοηθεῖν</em></strong></span> 
     </span>
     <span class='ocr_line' id='line_1_27' title="bbox 285 2965 2445 3060; baseline -0 -22"><span class='ocrx_word' id='word_1_230' title='bbox 285 2968 490 3050; x_wconf 77' lang='grc' dir='ltr'><strong><em>ἀξιῶν</em></strong></span> <span class='ocrx_word' id='word_1_231' title='bbox 533 2975 633 3058; x_wconf 71' lang='grc' dir='ltr'><strong><em>τῷ</em></strong></span> <span class='ocrx_word' id='word_1_232' title='bbox 663 2965 986 3059; x_wconf 66' lang='grc' dir='ltr'><strong><em>Εὐκράτει</em></strong></span> <span class='ocrx_word' id='word_1_233' title='bbox 1014 2969 1182 3055; x_wconf 83' lang='grc' dir='ltr'><strong><em>μετὰ</em></strong></span> <span class='ocrx_word' id='word_1_234' title='bbox 1227 2974 1345 3058; x_wconf 83' lang='grc' dir='ltr'><strong><em>τῆς</em></strong></span> <span class='ocrx_word' id='word_1_235' title='bbox 1375 2975 1604 3060; x_wconf 89' lang='grc' dir='ltr'><strong><em>τέχνης</em></strong></span> <span class='ocrx_word' id='word_1_236' title='bbox 1648 2971 1833 3038; x_wconf 79' lang='grc' dir='ltr'><strong><em>οἴνου</em></strong></span> <span class='ocrx_word' id='word_1_237' title='bbox 1864 2996 1938 3039; x_wconf 89' lang='grc' dir='ltr'><strong><em>τε</em></strong></span> <span class='ocrx_word' id='word_1_238' title='bbox 1967 2971 2445 3057; x_wconf 84' lang='grc' dir='ltr'><strong><em>παραγγέλλων</em></strong></span> 
     </span>
     <span class='ocr_line' id='line_1_28' title="bbox 286 3068 2449 3163; baseline 0 -22"><span class='ocrx_word' id='word_1_239' title='bbox 286 3068 673 3156; x_wconf 66' lang='grc' dir='ltr'><strong><em>ἀπέχεσθαι</em></strong></span> <span class='ocrx_word' id='word_1_240' title='bbox 728 3078 840 3142; x_wconf 90' lang='grc' dir='ltr'><strong><em>καὶ</em></strong></span> <span class='ocrx_word' id='word_1_241' title='bbox 902 3073 1155 3157; x_wconf 88' lang='grc' dir='ltr'><strong><em>λάχανα</em></strong></span> <span class='ocrx_word' id='word_1_242' title='bbox 1201 3080 1548 3140; x_wconf 86' lang='grc' dir='ltr'><strong><em>σιτεῖσθαι</em></strong></span> <span class='ocrx_word' id='word_1_243' title='bbox 1588 3077 1697 3141; x_wconf 88' lang='grc' dir='ltr'><strong><em>καὶ</em></strong></span> <span class='ocrx_word' id='word_1_244' title='bbox 1753 3070 1928 3153; x_wconf 90' lang='grc' dir='ltr'><strong><em>όλως</em></strong></span> <span class='ocrx_word' id='word_1_245' title='bbox 1969 3070 2284 3163; x_wconf 74' lang='grc' dir='ltr'><strong><em>ὗφαιρεῖν</em></strong></span> <span class='ocrx_word' id='word_1_246' title='bbox 2326 3077 2449 3141; x_wconf 85' lang='grc' dir='ltr'><strong><em>τοῦ</em></strong></span> 
     </span>
     <span class='ocr_line' id='line_1_29' title="bbox 236 3169 2445 3265; baseline -0 -22"><span class='ocrx_word' id='word_1_247' title='bbox 236 3260 237 3263; x_wconf 9' lang='lat'>¹</span> <span class='ocrx_word' id='word_1_248' title='bbox 281 3177 503 3245; x_wconf 88' lang='grc' dir='ltr'><strong><em>τόνου.</em></strong></span> <span class='ocrx_word' id='word_1_249' title='bbox 578 3205 613 3245; x_wconf 94' lang='grc' dir='ltr'><strong><em>ο</em></strong></span> <span class='ocrx_word' id='word_1_250' title='bbox 644 3180 801 3264; x_wconf 88' lang='grc' dir='ltr'><strong><em>γοῦν</em></strong></span> <span class='ocrx_word' id='word_1_251' title='bbox 830 3177 1221 3265; x_wconf 87' lang='grc' dir='ltr'><strong><em>Κλεόδημος</em></strong></span> <span class='ocrx_word' id='word_1_252' title='bbox 1249 3169 1729 3260; x_wconf 52' lang='grc' dir='ltr'><strong><em>ὑπομειδιῶν(</em></strong></span> <span class='ocrx_word' id='word_1_253' title='bbox 1700 3170 1857 3261; x_wconf 86' lang='grc' dir='ltr'><strong><em>α’μα,</em></strong></span> <span class='ocrx_word' id='word_1_254' title='bbox 1905 3183 1988 3244; x_wconf 90' lang='grc' dir='ltr'><strong><em>Τί</em></strong></span> <span class='ocrx_word' id='word_1_255' title='bbox 2020 3179 2246 3263; x_wconf 86' lang='grc' dir='ltr'><strong><em>λέγεις,</em></strong></span> <span class='ocrx_word' id='word_1_256' title='bbox 2294 3175 2445 3264; x_wconf 64' lang='grc' dir='ltr'><strong><em>ἔφη,</em></strong></span> 
     </span>
     <span class='ocr_line' id='line_1_30' title="bbox 209 3265 2446 3368; baseline 0.001 -25"><span class='ocrx_word' id='word_1_257' title='bbox 209 3293 264 3343; x_wconf 83' lang='lat'><strong><em>37</em></strong></span> <span class='ocrx_word' id='word_1_258' title='bbox 289 3265 343 3345; x_wconf 82' lang='grc' dir='ltr'><strong><em>ῶ</em></strong></span> <span class='ocrx_word' id='word_1_259' title='bbox 395 3280 726 3368; x_wconf 73' lang='grc' dir='ltr'><strong><em>Τυχιάδης</em></strong></span> <span class='ocrx_word' id='word_1_260' title='bbox 776 3275 1064 3347; x_wconf 76' lang='grc' dir='ltr'><strong><em>ἄπιστον</em></strong></span> <span class='ocrx_word' id='word_1_261' title='bbox 1111 3275 1285 3345; x_wconf 84' lang='grc' dir='ltr'><strong><em>εἶναί</em></strong></span> <span class='ocrx_word' id='word_1_262' title='bbox 1330 3301 1442 3345; x_wconf 95' lang='grc' dir='ltr'><strong><em>σοι</em></strong></span> <span class='ocrx_word' id='word_1_263' title='bbox 1487 3278 1669 3345; x_wconf 87' lang='grc' dir='ltr'><strong><em>δοκεῖ</em></strong></span> <span class='ocrx_word' id='word_1_264' title='bbox 1708 3277 1784 3346; x_wconf 85' lang='grc' dir='ltr'><strong><em>τὸ</em></strong></span> <span class='ocrx_word' id='word_1_265' title='bbox 1835 3279 1903 3345; x_wconf 78' lang='grc' dir='ltr'><strong><em>ἐκ</em></strong></span> <span class='ocrx_word' id='word_1_266' title='bbox 1946 3283 2078 3345; x_wconf 86' lang='grc' dir='ltr'><strong><em>τῶν</em></strong></span> <span class='ocrx_word' id='word_1_267' title='bbox 2123 3279 2446 3346; x_wconf 85' lang='grc' dir='ltr'><strong><em>τοιούτων</em></strong></span> 
     </span>
     <span class='ocr_line' id='line_1_31' title="bbox 282 3365 2439 3470; baseline -0.002 -21"><span class='ocrx_word' id='word_1_268' title='bbox 282 3387 642 3467; x_wconf 85' lang='grc' dir='ltr'><strong><em>γίγνεσθαί</em></strong></span> <span class='ocrx_word' id='word_1_269' title='bbox 686 3406 873 3458; x_wconf 91' lang='grc' dir='ltr'><strong><em>τινας</em></strong></span> <span class='ocrx_word' id='word_1_270' title='bbox 916 3366 1307 3469; x_wconf 69' lang='grc' dir='ltr'><strong><em>ῶφελείας’</em></strong></span> <span class='ocrx_word' id='word_1_271' title='bbox 1280 3405 1347 3457; x_wconf 89' lang='grc' dir='ltr'><strong><em>ες</em></strong></span> <span class='ocrx_word' id='word_1_272' title='bbox 1388 3379 1476 3446; x_wconf 82' lang='grc' dir='ltr'><strong><em>τὰ</em></strong></span> <span class='ocrx_word' id='word_1_273' title='bbox 1519 3381 1896 3470; x_wconf 89' lang='grc' dir='ltr'><strong><em>νοσήματα,·</em></strong></span> <span class='ocrx_word' id='word_1_274' title='bbox 1924 3377 2209 3467; x_wconf 87' lang='grc' dir='ltr'><strong><em>Ἔμοιγε,</em></strong></span> <span class='ocrx_word' id='word_1_275' title='bbox 2253 3365 2333 3465; x_wconf 80' lang='grc' dir='ltr'><strong><em>ἠν</em></strong></span> <span class='ocrx_word' id='word_1_276' title='bbox 2381 3373 2439 3445; x_wconf 74' lang='grc' dir='ltr'><strong><em>δ’</em></strong></span> 
     </span>
     <span class='ocr_line' id='line_1_32' title="bbox 287 3476 2448 3573; baseline -0 -23"><span class='ocrx_word' id='word_1_277' title='bbox 287 3482 433 3570; x_wconf 79' lang='grc' dir='ltr'><strong><em>ἐγώ,</em></strong></span> <span class='ocrx_word' id='word_1_278' title='bbox 468 3484 528 3551; x_wconf 90' lang='grc' dir='ltr'><strong><em>ει</em></strong></span> <span class='ocrx_word' id='word_1_279' title='bbox 558 3485 647 3570; x_wconf 90' lang='grc' dir='ltr'><strong><em>μὴ</em></strong></span> <span class='ocrx_word' id='word_1_280' title='bbox 680 3484 861 3551; x_wconf 91' lang='grc' dir='ltr'><strong><em>πάνυ</em></strong></span> <span class='ocrx_word' id='word_1_281' title='bbox 891 3482 1011 3573; x_wconf 89' lang='grc' dir='ltr'><strong><em>τὴν</em></strong></span> <span class='ocrx_word' id='word_1_282' title='bbox 1044 3484 1193 3572; x_wconf 80' lang='grc' dir='ltr'><strong><em>ῥῖνα</em></strong></span> <span class='ocrx_word' id='word_1_283' title='bbox 1222 3483 1495 3571; x_wconf 84' lang='grc' dir='ltr'><strong><em>κορύζης</em></strong></span> <span class='ocrx_word' id='word_1_284' title='bbox 1520 3483 1767 3567; x_wconf 84' lang='grc' dir='ltr'><strong><em>μεστὸς</em></strong></span> <span class='ocrx_word' id='word_1_285' title='bbox 1799 3484 1959 3572; x_wconf 87' lang='grc' dir='ltr'><strong><em>είην,</em></strong></span> <span class='ocrx_word' id='word_1_286' title='bbox 1993 3480 2082 3562; x_wconf 82' lang='grc' dir='ltr'><strong><em>ῶς</em></strong></span> <span class='ocrx_word' id='word_1_287' title='bbox 2105 3476 2448 3550; x_wconf 80' lang='grc' dir='ltr'><strong><em>πιστεύειν</em></strong></span> 
     </span>
     <span class='ocr_line' id='line_1_33' title="bbox 285 3585 2448 3675; baseline -0.001 -22"><span class='ocrx_word' id='word_1_288' title='bbox 285 3613 368 3653; x_wconf 90' lang='grc' dir='ltr'><strong><em>τα</em></strong></span> <span class='ocrx_word' id='word_1_289' title='bbox 413 3586 542 3665; x_wconf 84' lang='grc' dir='ltr'><strong><em>ε’ξω</em></strong></span> <span class='ocrx_word' id='word_1_290' title='bbox 572 3590 684 3653; x_wconf 86' lang='grc' dir='ltr'><strong><em>καὶ</em></strong></span> <span class='ocrx_word' id='word_1_291' title='bbox 715 3587 921 3675; x_wconf 83' lang='grc' dir='ltr'><strong><em>μηδὲν</em></strong></span> <span class='ocrx_word' id='word_1_292' title='bbox 951 3590 1398 3653; x_wconf 82' lang='grc' dir='ltr'><strong><em>κοινωνοῦντα</em></strong></span> <span class='ocrx_word' id='word_1_293' title='bbox 1426 3599 1570 3663; x_wconf 88' lang='grc' dir='ltr'><strong><em>τοῖς</em></strong></span> <span class='ocrx_word' id='word_1_294' title='bbox 1602 3585 1880 3652; x_wconf 85' lang='grc' dir='ltr'><strong><em>ε’νδοθεν</em></strong></span> <span class='ocrx_word' id='word_1_295' title='bbox 1913 3585 2333 3672; x_wconf 88' lang='grc' dir='ltr'><strong><em>επεγείρουσι</em></strong></span> <span class='ocrx_word' id='word_1_296' title='bbox 2362 3585 2448 3651; x_wconf 83' lang='grc' dir='ltr'><strong><em>τὰ</em></strong></span> 
     </span>
     <span class='ocr_line' id='line_1_34' title="bbox 285 3679 2448 3779; baseline -0 -23"><span class='ocrx_word' id='word_1_297' title='bbox 285 3688 635 3779; x_wconf 86' lang='grc' dir='ltr'><strong><em>νοσήματα</em></strong></span> <span class='ocrx_word' id='word_1_298' title='bbox 690 3688 859 3774; x_wconf 85' lang='grc' dir='ltr'><strong><em>μετὰ</em></strong></span> <span class='ocrx_word' id='word_1_299' title='bbox 907 3691 1278 3778; x_wconf 78' lang='grc' dir='ltr'><strong><em>ῥηματίων,</em></strong></span> <span class='ocrx_word' id='word_1_300' title='bbox 1337 3679 1429 3765; x_wconf 74' lang='grc' dir='ltr'><strong><em>ὥς</em></strong></span> <span class='ocrx_word' id='word_1_301' title='bbox 1487 3712 1691 3775; x_wconf 83' lang='grc' dir='ltr'><strong><em>φατε,</em></strong></span> <span class='ocrx_word' id='word_1_302' title='bbox 1748 3690 1859 3754; x_wconf 89' lang='grc' dir='ltr'><strong><em>καὶ</em></strong></span> <span class='ocrx_word' id='word_1_303' title='bbox 1914 3694 2223 3776; x_wconf 91' lang='grc' dir='ltr'><strong><em>γοητείας</em></strong></span> <span class='ocrx_word' id='word_1_304' title='bbox 2265 3686 2448 3766; x_wconf 86' lang='grc' dir='ltr'><strong><em>τινὸς</em></strong></span> 
     </span>
     <span class='ocr_line' id='line_1_35' title="bbox 286 3785 2438 3880; baseline -0 -22"><span class='ocrx_word' id='word_1_305' title='bbox 286 3791 572 3877; x_wconf 77' lang='grc' dir='ltr'><strong><em>ἐνεργεῖν</em></strong></span> <span class='ocrx_word' id='word_1_306' title='bbox 618 3795 729 3857; x_wconf 87' lang='grc' dir='ltr'><strong><em>καὶ</em></strong></span> <span class='ocrx_word' id='word_1_307' title='bbox 772 3790 890 3880; x_wconf 87' lang='grc' dir='ltr'><strong><em>τὴν</em></strong></span> <span class='ocrx_word' id='word_1_308' title='bbox 935 3791 1120 3858; x_wconf 77' lang='grc' dir='ltr'><strong><em>ἰἀσιν</em></strong></span> <span class='ocrx_word' id='word_1_309' title='bbox 1168 3791 1584 3874; x_wconf 78' lang='grc' dir='ltr'><strong><em>ἐπιπέμπειν</em></strong></span> <span class='ocrx_word' id='word_1_310' title='bbox 1629 3789 2178 3875; x_wconf 83' lang='grc' dir='ltr'><strong><em>προσαρτώμενα.</em></strong></span> <span class='ocrx_word' id='word_1_311' title='bbox 2252 3789 2327 3857; x_wconf 85' lang='grc' dir='ltr'><strong><em>τὸ</em></strong></span> <span class='ocrx_word' id='word_1_312' title='bbox 2379 3785 2438 3857; x_wconf 72' lang='grc' dir='ltr'><strong><em>δ’</em></strong></span> 
     </span>
     <span class='ocr_line' id='line_1_36' title="bbox 286 3884 2447 3982; baseline -0.001 -22"><span class='ocrx_word' id='word_1_313' title='bbox 286 3890 404 3961; x_wconf 75' lang='grc' dir='ltr'><strong><em>οὐκ</em></strong></span> <span class='ocrx_word' id='word_1_314' title='bbox 451 3884 532 3960; x_wconf 67' lang='grc' dir='ltr'><strong><em>ἂν</em></strong></span> <span class='ocrx_word' id='word_1_315' title='bbox 576 3898 854 3979; x_wconf 84' lang='grc' dir='ltr'><strong><em>γένοιτο,</em></strong></span> <span class='ocrx_word' id='word_1_316' title='bbox 903 3887 1047 3960; x_wconf 73' lang='grc' dir='ltr'><strong><em>οὐδ’</em></strong></span> <span class='ocrx_word' id='word_1_317' title='bbox 1101 3884 1179 3982; x_wconf 82' lang='grc' dir='ltr'><strong><em>ἢν</em></strong></span> <span class='ocrx_word' id='word_1_318' title='bbox 1210 3894 1277 3971; x_wconf 75' lang='grc' dir='ltr'><strong><em>ἐς</em></strong></span> <span class='ocrx_word' id='word_1_319' title='bbox 1321 3896 1440 3959; x_wconf 83' lang='grc' dir='ltr'><strong><em>τοῦ</em></strong></span> <span class='ocrx_word' id='word_1_320' title='bbox 1470 3898 1762 3975; x_wconf 88' lang='grc' dir='ltr'><strong><em>Νεμείου</em></strong></span> <span class='ocrx_word' id='word_1_321' title='bbox 1805 3894 2069 3971; x_wconf 84' lang='grc' dir='ltr'><strong><em>λέοντος</em></strong></span> <span class='ocrx_word' id='word_1_322' title='bbox 2113 3891 2187 3958; x_wconf 86' lang='grc' dir='ltr'><strong><em>τὸ</em></strong></span> <span class='ocrx_word' id='word_1_323' title='bbox 2238 3892 2447 3978; x_wconf 90' lang='grc' dir='ltr'><strong><em>δέρμα</em></strong></span> 
     </span>
     <span class='ocr_line' id='line_1_37' title="bbox 284 3988 2446 4086; baseline -0.003 -22"><span class='ocrx_word' id='word_1_324' title='bbox 284 3995 530 4086; x_wconf 75' lang='grc' dir='ltr'><strong><em>ἐνδήσῃ</em></strong></span> <span class='ocrx_word' id='word_1_325' title='bbox 577 4020 683 4074; x_wconf 90' lang='grc' dir='ltr'><strong><em>τις</em></strong></span> <span class='ocrx_word' id='word_1_326' title='bbox 727 3994 1070 4067; x_wconf 76' lang='grc' dir='ltr'><strong><em>ἑκκαίδεκα</em></strong></span> <span class='ocrx_word' id='word_1_327' title='bbox 1112 3997 1411 4081; x_wconf 84' lang='grc' dir='ltr'><strong><em>μυγαλᾶς</em></strong></span> <span class='ocrx_word' id='word_1_328' title='bbox 1458 3991 1654 4072; x_wconf 81' lang='grc' dir='ltr'><strong><em>ὅλας·</em></strong></span> <span class='ocrx_word' id='word_1_329' title='bbox 1715 3991 1841 4080; x_wconf 74' lang='grc' dir='ltr'><strong><em>ἐγὼ</em></strong></span> <span class='ocrx_word' id='word_1_330' title='bbox 1883 3998 2040 4080; x_wconf 80' lang='grc' dir='ltr'><strong><em>γοῦν</em></strong></span> <span class='ocrx_word' id='word_1_331' title='bbox 2087 3988 2286 4061; x_wconf 82' lang='grc' dir='ltr'><strong><em>αύτὸν</em></strong></span> <span class='ocrx_word' id='word_1_332' title='bbox 2327 3993 2446 4059; x_wconf 84' lang='grc' dir='ltr'><strong><em>τὸν</em></strong></span> 
     </span>
    </p>
   </div>
  </div>
 </body>
</html>
