2867 4525
381 291 466 349 94
1285 291 1662 345 ΔΟΥΚΙΑΝΟΥ

381 462 739 542 δείκνυσιν,
809 453 1111 545 ἆμαυρόν
1166 487 1234 528 τι
1289 465 1524 546 θέαμα
1584 456 1677 538 ὥς
1732 459 1906 547 πρὸς
1962 456 2138 549 ἡμᾶς
2193 458 2349 539 τοὺς
2408 457 2536 545 ἆμ-

275 573 340 629 17
375 562 856 649 βλυώττοντας.
949 568 1047 628 17.
1093 561 1330 641 Μόνος
1385 560 1512 651 γὰρ
1542 555 1719 644 Ἴων,
1768 562 1897 650 ἔφη
1944 558 1979 629 ὃ
2029 556 2395 650 Εύκράτης,
2452 561 2538 628 τὰ

378 669 659 733 τοιαῦτα
716 662 920 746 εἶδεν,
978 658 1121 747 ούχὶ
1180 664 1253 731 δὲ
1294 668 1406 732 καὶ
1455 660 1650 731 ἄλλοι
1705 664 1953 730 πολλοὶ
2001 663 2316 748 δαίμοσιν
2362 661 2542 740 ἐντεή

376 766 730 856 τυχήκασιν
777 767 844 832 οἱ
887 766 1008 850 μὲν
1053 764 1323 852 νύκτωρ,
1371 767 1440 833 οἱ
1481 766 1553 833 δὲ
1592 759 1755 851 μεθ’
1806 760 2089 853 ἡμέρως
2134 762 2257 850 ἐγώ
2307 764 2379 833 δὲ
2426 760 2540 848 οὐχ

381 861 592 949 ἶὶπαξ,
653 861 824 933 ἀλλὰ
880 867 1193 954 μυριάκις
1246 863 1373 956 ἤδη
1419 869 1506 935 τὰ
1549 871 1832 936 τοιαῦτα
1874 871 2241 951 τεθέαμαι·
2294 868 2408 934 καὶ
2460 866 2534 934 τὸ

376 970 498 1055 μὲν
528 973 799 1056 πρῶτον
831 968 1286 1058 ἐταραττόμην
1316 975 1491 1057 πρὸς
1535 968 1724 1046 αύτά,
1767 973 1882 1037 νῦν
1914 969 1986 1036 δὲ
2014 967 2148 1036 ὑπὸ
2181 973 2301 1036 τοῦ
2331 968 2536 1049 ἔθους
2555 982 2618 1031 45

378 1067 570 1139 οὗδέν
611 1097 681 1139 τι
723 1071 1112 1157 παράλογον
1168 1069 1334 1161 δρᾶν
1375 1098 1495 1157 μοι
1555 1072 1759 1153 δοκῶ,
1811 1073 1926 1138 καὶ
1969 1073 2087 1139 νῦν
2129 1066 2425 1156 μάλιστα
2469 1070 2543 1150 ἐξ

381 1170 460 1241 οὗ
502 1199 622 1258 μοι
663 1173 781 1241 τὸν
826 1173 1176 1241 δακτύλιον
1221 1170 1255 1240 ὃ
1281 1169 1516 1259 Ἄραψ
1559 1172 1763 1240 έδωκε
1807 1172 2085 1261 σιδήρου
2128 1178 2250 1241 τοῦ
2295 1172 2365 1240 ἐκ
2406 1178 2540 1241 τῶν

380 1300 684 1365 σταυρων
738 1281 1199 1364 πεποιημένον
1257 1278 1369 1342 καὶ
1421 1274 1542 1361 τὴν
1595 1273 1864 1362 ἐπῳδὴν
1919 1272 2187 1355 ἐδίδαξε
2236 1276 2356 1365 τὴν
2407 1301 2540 1343 πο-

379 1379 741 1464 λυώνυμον,
788 1376 976 1457 ἐκτὸς
1009 1377 1069 1445 εἰ
1097 1376 1187 1467 μὴ
1219 1372 1422 1462 κάμοὶ
1457 1371 1875 1464 ἀπιστήσεις,
1922 1403 1976 1443 ω
2015 1376 2327 1467 Τυχιάδη.
2401 1381 2541 1445 Καὶ

377 1485 530 1561 πῶς
572 1478 686 1564 άν,
745 1508 825 1572 ην
871 1479 933 1546 δ’
983 1479 1135 1567 ἐγώ,
1184 1477 1641 1569 απιστήσαιμι
1684 1474 2009 1567 Εὐκράτει
2060 1484 2160 1568 τῷ
2202 1487 2541 1560 Δείνωνος

380 1588 577 1672 σοφῷ
648 1577 839 1670 ἆνδρὶ
906 1586 1022 1652 καὶ
1086 1582 1383 1667 μάλιστα
1451 1582 1854 1667 ἐλευθερίως
1926 1581 2011 1649 τὰ
2086 1582 2407 1650 δοκοῦντά
2473 1583 2540 1650 οἱ

275 1700 346 1757 18
382 1688 636 1772 λέγοντι
684 1687 860 1754 οἴκοι
905 1685 1075 1773 παρ’
1127 1681 1308 1773 αὖτιῖ
1352 1679 1504 1769 μετ’
1555 1683 1860 1764 ἐξουσίας
1872 1715 1896 1769 ,-
1924 1685 2008 1771 (†)
2088 1691 2185 1754 18.
2237 1683 2330 1752 Τὸ
2382 1688 2540 1771 γοῦν

378 1791 540 1875 περὶ
583 1792 702 1855 τοῦ
735 1782 1146 1872 άνδριάντος,
1191 1775 1234 1877 ἦ
1275 1781 1337 1853 δ’
1393 1785 1470 1866 ὃς
1505 1783 1540 1855 ὅ
1577 1781 1933 1876 Εὐκράτης,
1983 1780 2205 1855 άπασι
2232 1800 2377 1866 τοῖς
2421 1786 2539 1854 ἐπὶ

379 1894 498 1976 τῆς
541 1890 757 1968 οἰκίας
787 1887 947 1957 ὅσαι
989 1889 1215 1967 νύκτες
1244 1890 1653 1978 φαινόμενον
1697 1892 1807 1957 καὶ
1839 1892 2044 1957 παισὶ
2085 1893 2196 1958 καὶ
2244 1896 2541 1968 νεανίαις

378 1996 490 2060 καὶ
533 1997 802 2079 γέρουσι
844 1996 1042 2060 τοῦτο
1075 1985 1150 2059 ού
1182 1988 1347 2079 παρ’
1398 1992 1563 2077 ἐμοῦ
1592 1993 1797 2077 μόνον
1836 1985 2190 2072 ἀκούσειας
2220 1988 2319 2075 ἄν,
2366 1986 2539 2059 ἀλλὰ

379 2098 492 2162 καὶ
536 2096 726 2180 παρὰ
771 2098 901 2161 τῶν
931 2090 1267 2181 ἡμετέρων
1304 2090 1647 2161 ἁπάντων.
1721 2100 1960 2176 Ποίου,
2004 2079 2085 2181 ἦν
2129 2088 2191 2161 δ’
2229 2093 2375 2180 ἐγώ,
2423 2089 2540 2161 άν-

378 2195 725 2284 δριάντοςς
775 2192 912 2280 Ούχ
957 2194 1273 2281 ἑώρακας,
1320 2196 1473 2287 ε’φη,
1521 2195 1747 2266 εἰσιὼν
1777 2194 1846 2263 ἐν
1888 2199 1975 2286 τῇ
2006 2190 2173 2283 αύλῇ
2216 2195 2540 2287 ἑστηκότα

377 2299 721 2386 πάγκαλον
750 2294 1135 2386 ἀνδριάντα,
1173 2303 1620 2418 Δημητρίου’
1598 2300 1787 2386 έργον
1815 2304 1936 2368 τοῦ
1967 2295 2537 2385 ανθρωποποιοῦ,·

375 2405 556 2469 Μῶν
609 2400 728 2469 τὸν
786 2400 1205 2482 δισκεύοντα,
1261 2426 1342 2489 ην
1400 2399 1469 2466 δ’
1519 2400 1670 2488 ἐγώ,
1730 2406 1863 2492 φῆς
1919 2402 2038 2470 τὸν
2085 2396 2535 2490 ἐπικεκυφότα

373 2501 544 2571 κατὰ
587 2502 662 2571 τὸ
698 2507 916 2592 σχῆμα
945 2506 1063 2590 τῆς
1102 2497 1431 2592 αφέσεως,
1475 2497 2091 2591 άπεστραμμένον’
2065 2529 2134 2583 ες
2162 2503 2284 2590 τὴν
2311 2504 2535 2572 δισκο-

375 2603 608 2694 φόρον,
656 2599 867 2695 ἠρέμα
911 2601 1275 2687 ὀκλάζοντα
1316 2609 1416 2693 τῴ
1454 2605 1676 2694 ἑτέρῳ,
1724 2600 1996 2674 ἐοικότα
2044 2607 2533 2696 ξυναναστησο-

374 2713 552 2796 μένῳ
606 2708 776 2794 μετὰ
832 2713 950 2799 τῆς
1000 2710 1239 2798 βολῆς,-
1300 2701 1437 2774 Ούκ
1488 2700 1762 2789 ἐκεῖνον,
1816 2735 1858 2796 η
1918 2705 1985 2774 δ’
2043 2708 2145 2787 ὃς,
2199 2703 2349 2776 επεὶ
2394 2711 2613 2775 τῶν46

382 2811 712 2899 Μύρωνος
769 2810 975 2898 ε’ργων
1032 2808 1150 2898 [ἓν]
1208 2812 1322 2877 καὶ
1374 2810 1571 2877 τοῦτό
1633 2803 1818 2878 ἐστιν
1877 2806 1912 2877 δ
1970 2810 2398 2897 δισκοβόλος,
2456 2837 2535 2878 ον

379 2914 618 3000 λέγεις·
676 2907 829 2981 οὐδὲ
883 2912 1003 2981 τὸν
1045 2911 1214 2997 παρ’
1265 2907 1469 2979 αὐτόν
1511 2937 1720 2999 φημι,
1771 2910 1891 2979 τὸν
1937 2913 2372 2999 διαδούμενον
2414 2912 2536 3000 τὴν

377 3014 672 3103 κεφαλὴν
714 3018 795 3102 τῇ
841 3021 1088 3102 ταινίᾳ,
1130 3011 1250 3081 τὸν
1290 3013 1515 3095 καλόν,
1560 3015 2012 3082 Πολυκλείτου
2041 3014 2168 3103 γὰρ
2210 3019 2409 3083 τοῦτο
2453 3015 2527 3083 τί

381 3115 586 3200 ἔργον.
679 3110 849 3181 ἀλλὰ
892 3115 1049 3193 τοὺς
1103 3115 1224 3199 μὲν
1268 3108 1386 3183 ἐπὶ
1428 3114 1516 3181 τὰ
1562 3115 1747 3193 δεξιὰ
1806 3116 2155 3184 εἰσιόντων
2201 3113 2400 3207 ἄφες,
2464 3115 2536 3185 ἐν

381 3215 485 3295 οῖς
526 3220 637 3286 καὶ
679 3215 764 3284 τὰ
809 3222 1091 3299 Κριτίου
1140 3220 1254 3284 καὶ
1298 3216 1658 3305 Νησιώτου
1701 3218 2069 3301 πλάσματα
2114 3218 2408 3308 ἕστηκεν,
2465 3220 2537 3287 οἱ

377 3318 904 3405 τυραννοκτόνοι.
979 3318 1061 3385 σὺ
1105 3319 1179 3386 δὲ
1225 3318 1291 3386 εἴ
1328 3346 1481 3387 τινα
1517 3320 1706 3407 παρὰ
1750 3319 1826 3387 τὸ
1874 3320 2054 3407 ὕδωρ
2093 3320 2174 3389 τὸ
2221 3320 2536 3408 ἐπιρρέον

379 3419 552 3501 εἶδες
607 3421 1075 3511 προγάστορα,
1130 3423 1537 3510 φαλαντίαν,
1593 3419 1958 3510 ἡμίγυμνον
2007 3420 2129 3513 τὴν
2183 3416 2534 3512 ἀναβολήν,

376 3519 799 3613 ἠνεμωμένον
842 3527 962 3591 τοῦ
1005 3523 1328 3610 πώγωνος
1369 3525 1491 3603 τὰς
1519 3532 1747 3612 τρίχας
1789 3519 1989 3606 ἐνίας,
2036 3518 2370 3612 ἐπίσημον
2410 3523 2535 3604 τὰς

382 3630 665 3715 φλέβας,
723 3623 1240 3714 αὐτοανθρώπῳ
1285 3621 1552 3712 όμοιον,
1612 3627 1859 3696 ἐκεῖνον
1903 3629 2104 3713 λέγω,
2162 3629 2451 3711 Πέλιχος
2494 3625 2529 3694 ὅ

274 3745 346 3801 19
380 3735 752 3816 Κορίνθιος
797 3727 1164 3818 στρατηγὸς
1192 3725 1366 3797 εἶναι
1408 3730 1610 3798 δοκεῖ.
1690 3736 1789 3799 19.
1820 3729 1925 3817 Νὴ
1963 3723 2106 3812 Δί’,
2150 3755 2233 3818 ην
2276 3723 2338 3795 δ’
2387 3729 2536 3816 ἐγώ,

381 3828 559 3899 εἶδόν
601 3857 754 3898 τινα
786 3830 899 3898 ἐπὶ
929 3830 1015 3897 τὰ
1044 3829 1230 3909 δεξιὰ
1260 3834 1381 3898 τοῦ
1411 3832 1673 3918 Κρόνου
1713 3839 1977 3911 ταινίας
2003 3836 2116 3901 καὶ
2163 3831 2534 3921 στεφάνους

381 3931 681 4023 ξηροὺς’
660 3933 923 4016 έχοντα,
978 3939 1473 4019 κεχρυσωμένον
1516 3935 1837 4014 πετάλοις
1891 3933 1966 4003 τὸ
2017 3938 2292 4025 στηθος.
2372 3928 2532 4021 Ἐγὼ

380 4035 480 4119 δέ,
539 4030 574 4102 ὃ
623 4030 959 4124 Εὐκράτης
1002 4036 1164 4125 ἐ’φη,
1223 4036 1439 4104 ἐκεῖνα
1483 4035 1854 4124 ἐχρύσωσα,
1914 4034 2124 4105 ὁπότε
2166 4031 2237 4122 μ’
2290 4036 2529 4104 ἰάσατο
