2867 4525
449 266 526 324 32
1314 221 1722 327 [Aorxifflor]

443 431 509 525 γ’
565 433 885 520 ἄσπαρτα
938 438 1049 503 καὶ
1114 433 1406 524 ἀνήροτα
1465 434 1732 501 πάντα“
1796 440 2101 518 νέμεται,·
2165 440 2269 501 25.
2313 436 2427 500 καὶ
2471 432 2604 523 μὴν

447 539 697 628 ῥήτορά
740 564 815 606 τε
870 540 982 605 καὶ
1039 541 1414 625 γεωμέτρην
1469 539 1582 604 καὶ
1632 538 1880 619 χαλκέα
1939 529 2131 603 οὐδὲν
2186 536 2424 604 κωλύει
2481 534 2605 626 τὴν

444 641 685 709 ἑαυτοῦ
727 645 955 727 τέχνην
1000 638 1402 727 ἐργάζεσθαι
1448 637 1564 705 ἐάν
1606 664 1682 705 τε
1724 637 2021 727 πονηρὸς
2058 637 2174 705 ἐάν
2214 663 2289 705 τε
2316 641 2428 705 καὶ
2459 665 2604 723 μω-

445 742 562 828 ρὸς
602 771 680 832 ῃ,
740 754 1142 829 παρασιτεῖν
1187 741 1260 809 δὲ
1305 735 1527 819 οὗδεὶς
1571 731 1934 809 δύναται
1890 768 1930 830 η
1976 738 2206 828 μωρὸς
2247 766 2340 808 ων
2382 731 2426 872 ἢ
2471 766 2606 808 πο-

446 846 659 934 νηρός.

621 953 827 1014 ΤΥΧ.
872 952 1141 1022 Παπαῖ,
1187 943 1332 1012 οἶον
1371 947 1592 1033 χρῆμα
1638 938 2049 1034 ἀποφαίνεις
2082 944 2203 1034 τὴν
2234 968 2606 1030 παρασιτι-

440 1050 588 1136 κήν·
648 1048 822 1116 ωστε
875 1050 986 1115 καὶ
1049 1042 1248 1125 αὑτὸς
1302 1041 1427 1134 ἤδη
1483 1045 1858 1130 βούλεσθαι
1915 1047 2090 1114 δοκῶ
2141 1073 2260 1133 μοι
2303 1046 2607 1134 παράσι-

442 1177 559 1232 τος
605 1148 780 1219 εἶναι
825 1144 975 1217 ἀντὶ
1017 1152 1138 1216 τοῦ
1181 1141 1256 1227 ὅς
1309 1147 1470 1232 εἰμι.

341 1264 418 1320 26
622 1260 725 1322 26.
769 1257 990 1320 HAP.
1031 1247 1139 1331 Ὡς
1167 1251 1289 1335 μὲν
1332 1257 1558 1318 τοίνυν
1601 1254 1788 1339 κοινῇ
1831 1255 2073 1318 πασῶν
2116 1252 2446 1341 διαφέρει,
2493 1251 2607 1318 δε-

418 1359 719 1440 «δεῖχθαί
759 1381 878 1440 μοι
923 1356 1115 1422 δοκῶ.
1207 1358 1372 1444 φέρε
1432 1352 1505 1420 δὲ
1564 1349 1656 1432 ὥς
1704 1351 1863 1441 [καὶ]
1915 1354 2058 1442 ἰδίᾳ
2113 1353 2392 1443 ἑκάστης
2451 1353 2608 1421 δια-

443 1464 654 1549 φέρει,
703 1461 1077 1542 σκοπῶμεν.
1148 1455 1225 1524 τὸ
1271 1456 1394 1540 μὲν
1434 1454 1514 1543 δὴ
1560 1468 1710 1533 ταῖς
1750 1455 2119 1541 βαναύσοις
2157 1462 2419 1541 τέχναις
2463 1481 2607 1522 πα-

442 1562 801 1648 ραβάλλειν
846 1553 1051 1645 αὐτὴν
1096 1553 1382 1646 ἀνόητόν
1426 1556 1597 1635 ἐστι,
1656 1561 1770 1625 καὶ
1830 1558 2088 1642 μᾶλλόν
2144 1583 2294 1637 πως
2350 1563 2606 1626 καθαι-

444 1667 720 1749 ροῦντος
761 1661 837 1729 τὸ
887 1655 1154 1745 ἆξίωμα
1196 1663 1316 1745 τῆς
1345 1666 1592 1749 τέχνης.
1668 1652 1776 1727 ὅτι
1805 1685 1879 1747 γε
1907 1659 2037 1749 μὴν
2065 1664 2200 1731 τῶν
2227 1662 2725 1727 καλλίστων856

444 1768 556 1833 καὶ
598 1771 928 1852 μεγίστων
972 1766 1216 1847 τεχνῶν
1277 1762 1589 1851 διαφέρει
1648 1762 1961 1830 δεικτέον.
2049 1759 2474 1853 ὡμολόγηται
2521 1761 2606 1849 δὴ

446 1866 619 1952 πρὸς
663 1865 938 1933 πάντων
981 1865 1101 1952 τήν
1143 1889 1217 1931 τε
1261 1863 1613 1953 ῥητορικὴν
1668 1868 1779 1933 καὶ
1836 1863 1957 1954 τὴν
2015 1866 2465 1955 φιλοσοφίαν,
2526 1864 2609 1945 ἃς

448 1968 562 2036 διὰ
607 1967 1042 2056 γενναιότητα
1083 1969 1196 2034 καὶ
1244 1965 1622 2056 ἐπιστήμας
1654 1965 2163 2056 ἀποφαίνονταί
2189 1992 2382 2051 τινες,
2430 1968 2607 2012 ****

447 2070 724 2139 ἐπειδὰν
769 2073 883 2137 καὶ
926 2071 1182 2135 τούτων
1226 2066 1566 2147 ἀποδείξω
1610 2067 1730 2156 τὴν
1760 2068 2208 2159 παρασιτικὴν
2237 2068 2413 2136 πολὺ
2444 2095 2608 2153 κρα-

441 2174 720 2248 τοῦσαν,
790 2173 988 2261 δῆλον
1054 2164 1163 2238 ότι
1225 2174 1359 2237 τῶν
1427 2166 1646 2238 αλλων
1712 2176 1955 2254 τεχνῶν
2022 2167 2205 2251 δόξει
2261 2197 2607 2261 προφερε-

335 2287 412 2342 27
448 2274 654 2363 στάτη
702 2274 1020 2394 καθάπερ
1063 2270 1104 2364 ἦ
1153 2275 1511 2341 Ναυσικάα
1554 2278 1689 2343 τῶν
1732 2276 2265 2362 θεραπαινίδων.
2324 2282 2425 2343 27.
2457 2301 2605 2343 κοι-

445 2380 525 2464 νῇ
567 2377 688 2461 μὲν
733 2402 849 2443 ουν
895 2370 1152 2466 ἆμφοῖν
1207 2377 1518 2465 διαφέρει
1571 2379 1682 2445 καὶ
1738 2381 1856 2467 τῆς
1912 2378 2260 2467 ῥητορικῆς
2315 2382 2427 2446 καὶ
2482 2382 2607 2465 τῆς

444 2480 896 2567 φιλοσοφίας,
964 2482 1236 2564 πρῶτον
1299 2476 1469 2544 κατὰ
1535 2477 1655 2567 τὴν
1717 2475 2130 2549 ὑπόστασιν·
2193 2477 2234 2570 ἦ
2295 2480 2418 2563 μὲν
2472 2478 2604 2608 γὰρ

441 2576 837 2668 ὑφέστηκεν,
899 2582 971 2648 αἱ
1015 2581 1087 2648 δὲ
1135 2576 1246 2647 ου’·
1305 2575 1458 2646 ούτε
1512 2580 1638 2669 γὰρ
1693 2579 1815 2669 τὴν
1868 2583 2220 2674 ῥητορικὴν
2264 2585 2334 2652 ἕν
2376 2608 2444 2649 τι
2486 2585 2604 2648 καὶ

442 2681 517 2750 τὸ
568 2676 727 2750 αὐτὸ
777 2681 1162 2768 νομίζομεν,
1211 2675 1358 2749 ἀλλ’
1412 2683 1480 2749 οἱ
1521 2682 1644 2766 μὲν
1686 2688 1935 2773 τέχνην,
1984 2685 2050 2752 οἱ
2097 2683 2170 2751 δὲ
2210 2678 2607 2752 τούναντίον

444 2782 770 2868 ἀτεχνίαν,
818 2781 1013 2853 ἄλλοι
1057 2786 1130 2852 δὲ
1173 2791 1620 2868 κακοτεχνίαν,
1669 2781 1863 2853 ἄλλοι
1902 2786 1975 2853 δὲ
2008 2781 2174 2852 ἄλλο
2201 2808 2301 2854 τι·
2348 2782 2609 2870 ὁμοίως

444 2886 518 2953 δὲ
561 2889 672 2953 καὶ
723 2886 843 2972 τὴν
905 2889 1322 2976 φιλοσοφίαν
1381 2883 1458 2953 οὗ
1515 2886 1686 2953 κατὰ
1742 2887 1828 2954 τὰ
1888 2881 2058 2954 αὐτὰ
2113 2892 2225 2957 καὶ
2283 2884 2609 2968 ὥσαύτως

445 2988 756 3070 ἔχουσαν,
815 2986 1056 3076 ἑτέρως
1110 2989 1231 3072 μὲν
1285 2989 1409 3074 γὰρ
1448 2983 1816 3078 Ἐπικούρῳ
1875 2991 2057 3058 δοκεῖ
2105 2988 2192 3056 τὰ
2237 2989 2608 3077 πράγματα

446 3089 636 3172 ἔχειν,
683 3087 925 3175 ἑτέρως
969 3090 1040 3157 δὲ
1083 3103 1228 3169 τοῖς
1273 3086 1410 3160 ἀπὸ
1458 3095 1577 3179 τῆς
1606 3095 1841 3174 Στοᾶς,
1889 3091 2130 3176 ἑτέρως
2175 3092 2246 3159 δὲ
2285 3105 2429 3170 τοῖς
2460 3084 2600 3159 άπὸ
2625 3106 2726 3157 857

446 3193 566 3279 τῆς
600 3185 1042 3279 Ἀκαδημίας,
1089 3192 1330 3280 ἑτέρως
1374 3193 1448 3260 δὲ
1489 3207 1636 3272 τοῖς
1680 3189 1818 3261 απὸ
1865 3197 1984 3261 τοῦ
2026 3193 2444 3281 Περιπάτου,
2487 3196 2607 3261 καὶ

449 3289 685 3372 ἅπλῶς
730 3289 931 3372 αλλος
978 3290 1181 3384 α’λλην
1213 3291 1395 3374 ἀξιοῖ
1421 3294 1543 3385 τὴν
1574 3298 1990 3386 φιλοσοφίαν
2021 3292 2226 3364 εἶναι·
2270 3298 2380 3362 καὶ
2412 3299 2608 3380 μέχρι

443 3420 517 3482 γε
573 3400 688 3463 νῦν
744 3421 896 3463 ουτε
951 3398 1019 3464 οἱ
1078 3395 1268 3465 αὐτοὶ
1333 3397 1599 3487 γνώμης
1653 3402 2013 3486 κρατοῦσιν
2078 3393 2229 3464 ούτε
2287 3391 2506 3464 αὐτῶν
2562 3393 2603 3483 ἡ

443 3502 632 3587 τέχνη
677 3504 804 3582 μία
850 3504 1186 3587 φαίνεται.
1261 3498 1335 3579 ἐξ
1375 3525 1471 3566 ων
1516 3500 1803 3587 δῆλον“
1762 3531 1797 3568 ο
1842 3527 1913 3569 τι
1953 3505 2442 3588 τεκμαίρεσθαι
2481 3525 2609 3566 κα-

443 3603 861 3668 ταλείπεται.
950 3595 1155 3688 ἀρχὴν
1209 3601 1335 3689 γάρ
1395 3628 1575 3691 φημι
1628 3603 1796 3691 μηδὲ
1854 3599 2027 3670 εἶναι
2080 3607 2308 3691 τέχνην
2361 3595 2444 3688 ἧς
2486 3597 2610 3669 οὐκ

447 3701 628 3769 ἔστιν
675 3697 1071 3782 ὑπόστασις.
1162 3702 1311 3771 ἐπεὶ
1357 3710 1428 3770 τί
1472 3704 1551 3793 δή
1600 3729 1771 3772 ποτε
1782 3731 1807 3785 ;
1859 3700 2269 3793 ἀριθμητικὴ
2315 3703 2437 3787 μὲν
2478 3710 2613 3787 μία

447 3804 590 3871 ἐστὶ
634 3806 748 3870 καὶ
791 3800 830 3893 ἦ
880 3799 1043 3894 αὑτὴ
1088 3808 1198 3873 καὶ
1248 3806 1352 3885 δὶς
1397 3805 1515 3872 δύο
1557 3806 1747 3894 παρά
1776 3832 1850 3873 τε
1877 3802 2039 3895 ,ἡμῖν
2067 3809 2177 3872 καὶ
2208 3804 2400 3890 παρὰ
2428 3810 2612 3891 Πέρ-

450 3929 603 3983 σαις
652 3905 938 3986 τέτταρά
1003 3905 1146 3973 ἐστι
1205 3910 1315 3975 καὶ
1380 3922 1729 3997 συμφωνεῖ
1792 3911 2004 3974 ταῦτα
2058 3910 2172 3975 καὶ
2225 3907 2415 3994 παρὰ
2456 3907 2613 3976 Ἕλ-

451 4009 606 4096 λησι
650 4010 760 4075 καὶ
803 4006 1203 4094 βαρβάροις,
1258 4011 1679 4101 φιλοσοφίας
1730 4011 1803 4078 δὲ
1861 4008 2124 4089 πολλὰς
2180 4011 2291 4076 καὶ
2352 4009 2613 4098 διαφό-
