2867 4525
463 248 587 309 170
1194 302 1200 308 ,
1361 246 1647 302 ΔΟΥΚΙΑΝ
1649 246 1737 300 ΟΥ

455 419 584 507 γὰρ
652 408 733 485 ἂν
800 411 973 486 οὑτω
1041 416 1280 486 διειδεῖ
1340 441 1416 485 τε
1472 419 1584 486 καὶ
1651 419 1942 504 καθαρῷ
1993 408 2195 485 ῦδατι
2249 417 2651 503 ἑντύχοιμις
2670 431 2761 485 211

457 514 633 589 ὥστε
690 514 1050 607 σύγγνωτε,
1107 520 1168 588 εἰ
1222 520 1498 608 δηχθεὶς
1540 520 1651 586 καὶ
1699 512 1900 598 αὑτὸς
1942 518 2065 608 τὴν
2106 519 2326 609 ψυχὴν
2369 515 2656 610 ἡδίστῳ

460 624 678 711 τούτῳ
742 625 856 690 καὶ
917 617 1351 708 ὑγιεινοτάτῳ
1405 623 1505 707 τῷ
1563 620 1849 709 δήγματι
1902 621 2330 711 ἐμφοροῦμαι
2377 622 2659 707 χανδὸν

460 722 759 803 ὑποθεὶς
812 727 912 811 τῷ
965 727 1223 811 κρουνῷ
1276 723 1397 812 τὴν
1454 723 1778 813 κεφαλήν·
1868 723 1970 812 ε’ίη
2014 719 2222 810 μόνον
2263 724 2355 814 μὴ
2403 724 2663 794 ἐπιλι-

462 841 620 895 πεῖν
682 824 768 893 τὰ
836 822 1006 913 παρ’
1076 821 1263 911 ὑμῶν
1331 824 1729 913 ἐπιρρέοντα
1795 827 1966 915 μηδὲ
2039 825 2434 911 ἐκχυθεῖσαν
2521 826 2666 915 τὴν

461 927 767 1018 σπουδὴν
816 932 936 1018 τῆς
980 921 1363 1015 άκροάσεως
1404 927 1721 1017 κεχηνότα
1765 926 1872 996 ἔτι
1906 931 2022 996 καὶ
2066 929 2379 1017 διψῶντα
2422 955 2662 997 κατα-

465 1032 722 1098 λιπεῖν·
805 1026 897 1109 ῶς
941 1031 1188 1116 δίψους
1228 1056 1302 1118 γε
1346 1029 1535 1099 ἕνεκα
1575 1025 1829 1115 τοῦμοῦ
1872 1029 2047 1117 πρὸς
2087 1027 2263 1116 ὑμᾶς
2305 1025 2514 1100 οῦδὲν
2567 1021 2661 1099 ὃν

465 1130 704 1198 ἐκώλυε
747 1137 972 1201 πίνειν
1017 1125 1154 1200 ἆεί·
1237 1131 1406 1200 κατὰ
1450 1132 1577 1219 γὰρ
1620 1133 1738 1200 τὸν
1785 1130 2001 1222 σοφὸν
2044 1132 2389 1202 Πλάτωνα
2430 1136 2661 1220 κόρος

462 1229 686 1313 οὐδεὶς
727 1237 862 1301 τῶν
905 1236 1144 1302 καλῶν.

834 1563 1352 1657 ΔΙΑΛΕΞΙΣ
1396 1573 1687 1656 ΠΡΟΣ
1730 1572 2245 1656 ΗΣΙΟΔΟΝ·

397 1761 430 1813 1
644 1753 699 1812 1.
746 1748 1195 1813 ΛΥΚΙΝΟΣ.
1261 1737 1490 1811 Ἀλλὰ
1534 1744 1823 1834 ποιητὴν
1864 1740 2062 1830 μὲν”
2018 1767 2294 1831 αριστον
2324 1741 2510 1812 εἶναί
2545 1767 2654 1826 σε,

466 1873 519 1918 ω
569 1843 865 1927 Ἡσίοδε,
933 1850 1046 1914 καὶ
1109 1849 1308 1915 τοῦτο
1374 1843 1564 1933 παρὰ
1623 1851 1926 1915 Μουσῶν
1992 1849 2221 1934 λαβεῖν
2285 1846 2459 1930 μετὰ
2520 1849 2656 1933 τῆς

467 1948 726 2072 δάφνης
771 1943 974 2028 αὑτός
1014 1974 1090 2016 τε
1134 1947 1526 2026 δεικνύεις’
1496 1974 1566 2016 εν
1609 1947 1714 2027 οἶς
1754 1962 2093 2029 ποιεῖς-
2124 1948 2333 2017 ἔνθεα
2359 1947 2490 2034 γὰρ
2525 1950 2654 2016 καὶ

470 2051 678 2137 σεμνὰ
722 2051 949 2119 πάντα
976 2089 1064 2100 -
1089 2054 1205 2119 καὶ
1243 2045 1442 2140 ἡμεῖς
1468 2051 1873 2137 πιστεύομεν
1905 2076 2119 2130 ουτως
2145 2049 2346 2134 ἐ’χειν·
2419 2048 2651 2118 ἐκεῖνο

468 2154 542 2221 δὲ
600 2149 947 2245 ἀπορῆσαι
1008 2149 1228 2236 ἄξιον,
1284 2158 1356 2221 τί
1412 2152 1668 2241 δήποτε
1721 2152 2074 2241 προειπών
2130 2149 2307 2238 ὑπὲρ
2358 2156 2650 2236 σαυτοῦ,
2851 2091 2854 2244 1

471 2253 563 2337 ὥς
618 2258 733 2326 διὰ
789 2259 987 2325 τοῦτο
1046 2255 1281 2342 λάβοις
1329 2253 1454 2345 τὴν
1494 2261 1874 2326 θεσπέσιον
1917 2253 2168 2343 ἐκείνην
2212 2248 2394 2346 ᾠδὴν
2438 2254 2651 2343 παρὰ

469 2362 604 2427 τῶν
656 2362 878 2441 θεῶν,
937 2357 1128 2437 ὅπως
1182 2361 1431 2437 κλείοις
1488 2358 1602 2425 καὶ
1656 2354 1933 2444 ὑμνοίης
1972 2357 2058 2425 τὰ
2102 2358 2652 2447 παρεληλυθότα

467 2463 578 2529 καὶ
637 2460 1003 2542 θεσπίζοις
1051 2459 1137 2527 τὰ
1184 2460 1504 2546 ἐσόμενα,
1559 2460 1858 2548 θάτερον
1901 2460 2023 2544 μὲν
2065 2462 2180 2528 καὶ
2222 2460 2405 2528 πάνυ
2452 2460 2652 2528 ἐντε-

472 2566 606 2643 λῶς
662 2562 1048 2653 ἐξενήνοχας
1103 2567 1289 2631 θεῶν
1343 2588 1419 2631 τε
1472 2567 1762 2651 γενέσεις
1818 2562 2249 2650 διηγούμενος
2302 2558 2459 2649 ἄχρι
2515 2564 2646 2630 καὶ
2665 2580 2754 2633 212

469 2669 604 2735 τῶν
647 2665 939 2752 πρώτων
984 2664 1270 2747 ἐκείνων,
1311 2664 1518 2748 χάους
1559 2666 1672 2733 καὶ
1716 2669 1835 2752 γῆς
1862 2666 1976 2732 καὶ
2007 2659 2293 2750 ούρανοῦ
2320 2667 2436 2732 καὶ
2462 2662 2649 2750 ἔρω-

468 2793 617 2852 τος,
679 2769 781 2837 ἔτι
838 2768 912 2837 δὲ
954 2770 1283 2856 γυναικῶν
1328 2762 1573 2854 άρετὰς
1614 2770 1729 2835 καὶ
1771 2772 2208 2854 παραινέσεις
2250 2766 2645 2854 γεωργικάς,

467 2876 585 2941 καὶ
628 2895 759 2941 οσα
802 2872 964 2958 περὶ
993 2864 1354 2939 Πλειάδων
1396 2872 1510 2938 καὶ
1555 2892 1686 2938 οσα
1729 2873 1888 2956 περὶ
1934 2873 2186 2956 καιρῶν
2230 2863 2478 2957 άρότου
2523 2873 2645 2938 καὶ

468 2970 733 3063 άμήτου
773 2976 891 3042 καὶ
934 2975 1113 3041 πλοῦ
1156 2974 1269 3041 καὶ
1313 2965 1491 3051 ολως
1530 2976 1664 3040 τῶν
1712 2967 1931 3039 άλλων
1976 2968 2333 3040 ἁπάντων·
2420 2965 2643 3040 θάτε-

469 3103 589 3162 ρον
648 3077 722 3142 δὲ
772 3078 886 3143 καὶ
944 3102 981 3143 ο
1037 3074 1540 3164 χρησιμώτερον
1595 3060 1676 3161 ἦν
1730 3078 1829 3161 τῷ
1880 3079 2013 3162 βίῳ
2063 3099 2254 3161 παρα
2298 3072 2480 3142 πολὺ
2522 3077 2642 3143 καὶ

471 3181 657 3245 θεῶν
709 3177 993 3263 δωρεαῖς
1033 3178 1291 3262 μᾶλλον
1335 3176 1582 3259 ἐοικός,
1641 3178 1811 3262 λέγω
1871 3176 1945 3243 δὲ
2002 3174 2124 3264 τὴν
2179 3178 2313 3244 τῶν
2354 3176 2643 3260 μελλόν-

467 3305 608 3347 των
650 3277 1163 3368 προαγόρευσιν,
1210 3273 1367 3346 οὐδὲ
1409 3277 1532 3366 τὴν
1578 3272 1782 3367 αρχὴν
1831 3276 2292 3367 ἐξαπέφηνας,
2338 3271 2512 3344 ἀλλὰ
2561 3277 2640 3346 τὸ

471 3387 675 3472 μέρος
729 3384 928 3450 τοῦτο
985 3383 1127 3448 πᾶν
1174 3379 1351 3470 λήθῃ
1398 3380 1884 3466 παραδέδωκας
1928 3374 2225 3465 οὐδαμοῦ
2266 3383 2386 3469 τῆς
2430 3381 2644 3470 ποιή-

471 3509 647 3564 σεως
687 3473 730 3573 ἢ
773 3482 892 3551 τὸν
934 3482 1297 3567 Κάλχαντα
1339 3471 1382 3572 ἢ
1423 3481 1543 3550 τὸν
1580 3482 1882 3571 Τήλεμον
1925 3508 1965 3569 η
2010 3480 2128 3551 τὸν
2172 3481 2550 3551 Πολύειδον
2597 3510 2638 3572 η

20 3654 118 3673 A„
472 3590 585 3657 καὶ
634 3591 848 3656 Φινέα
902 3584 1398 3675 μιμησάμενος,
1457 3588 1526 3652 οἳ
1580 3585 1749 3673 μηδὲ
1806 3583 1996 3674 παρὰ
2047 3587 2353 3652 Μουσῶν
2395 3584 2645 3653 τούτου

16 3672 86 3781 Ξ,
471 3690 778 3774 τυχόντες
834 3688 1019 3774 ὅμως
1073 3687 1579 3776 προεθέσπιζον
1628 3690 1739 3756 καὶ
1799 3682 1916 3755 οῦκ
1969 3683 2220 3756 ὤκνουν
2268 3690 2438 3775 χρᾶν
2493 3701 2646 3767 τοῖς

16 3782 60 3813 ³²⁴³
85 3790 112 3811 ⁹
400 3802 440 3856 2
477 3791 839 3875 δεομένοις.
904 3795 964 3858 2.
1010 3783 1182 3858 ὥστε
1224 3783 1472 3879 ἀνάγκη
1519 3813 1631 3859 σοι
1674 3794 1809 3857 τῶν
1853 3793 2058 3878 τριῶν
2097 3792 2355 3857 τούτων
2400 3789 2647 3858 αἰτιῶν

474 3895 602 3980 μιᾷ
643 3915 717 3978 γε
759 3890 1033 3970 πάντως
1077 3889 1460 3975 ἐνέχεσθαι·
1545 3882 1588 3979 ἢ
1629 3891 1755 3979 γάρ
1802 3890 2089 3979 ἐψεύσω,
2133 3892 2195 3959 εἰ
2235 3895 2350 3961 καὶ
2395 3893 2648 3979 πικρὸν

477 3991 715 4073 εἰπεῖν,
761 3986 856 4069 ῶς
896 3987 1373 4076 ὑποσχομένων
1417 4014 1528 4061 σοι
1557 3996 1693 4060 τῶν
1722 3997 2024 4062 Μουσῶν
2052 3996 2165 4062 καὶ
2192 3993 2281 4062 τὰ
2308 3994 2647 4077 μέλλοντα
