<?xml version="1.0" encoding="UTF-8"?>
<!DOCTYPE html PUBLIC "-//W3C//DTD XHTML 1.0 Transitional//EN"
    "http://www.w3.org/TR/xhtml1/DTD/xhtml1-transitional.dtd">
<html xmlns="http://www.w3.org/1999/xhtml" xml:lang="en" lang="en">
 <head>
  <title>
</title>
<meta http-equiv="Content-Type" content="text/html;charset=utf-8" />
  <meta name='ocr-system' content='tesseract 3.04.00' />
  <meta name='ocr-capabilities' content='ocr_page ocr_carea ocr_par ocr_line ocrx_word'/>
</head>
<body>
  <div class='ocr_page' id='page_1' title='image "./lucianus02sommgoog/lucianus02sommgoog_0130.png"; bbox 0 0 2867 4525; ppageno 0'>
   <div class='ocr_carea' id='block_1_1' title="bbox 438 291 1702 355">
    <p class='ocr_par' dir='ltr' id='par_1_1' title="bbox 438 291 1702 355">
     <span class='ocr_line' id='line_1_1' title="bbox 438 291 1702 355; baseline -0.009 0"><span class='ocrx_word' id='word_1_1' title='bbox 438 298 469 355; x_wconf 87' lang='lat'>1</span> <span class='ocrx_word' id='word_1_2' title='bbox 483 297 559 354; x_wconf 85' lang='grc'><strong><em>12</em></strong></span> <span class='ocrx_word' id='word_1_3' title='bbox 1326 291 1702 348; x_wconf 77' lang='grc' dir='ltr'><strong>ΔΟΥΚΙΑΝΟΥ</strong></span> 
     </span>
    </p>
   </div>
   <div class='ocr_carea' id='block_1_2' title="bbox 426 453 2606 1501">
    <p class='ocr_par' dir='ltr' id='par_1_2' title="bbox 426 453 2606 1469">
     <span class='ocr_line' id='line_1_2' title="bbox 426 453 2597 549; baseline -0.006 -15"><span class='ocrx_word' id='word_1_4' title='bbox 426 461 635 535; x_wconf 82' lang='grc' dir='ltr'><strong><em>Ἰνδοῦ</em></strong></span> <span class='ocrx_word' id='word_1_5' title='bbox 678 467 1010 549; x_wconf 82' lang='grc' dir='ltr'><strong><em>ποταμοῦ,</em></strong></span> <span class='ocrx_word' id='word_1_6' title='bbox 1058 462 1117 531; x_wconf 87' lang='grc' dir='ltr'><strong><em>εἰ</em></strong></span> <span class='ocrx_word' id='word_1_7' title='bbox 1144 461 1316 530; x_wconf 84' lang='grc' dir='ltr'><strong><em>κατὰ</em></strong></span> <span class='ocrx_word' id='word_1_8' title='bbox 1345 462 1505 549; x_wconf 80' lang='grc' dir='ltr'><strong><em>ῥοῦν</em></strong></span> <span class='ocrx_word' id='word_1_9' title='bbox 1537 456 1741 527; x_wconf 78' lang='grc' dir='ltr'><strong><em>αὐτοῦ</em></strong></span> <span class='ocrx_word' id='word_1_10' title='bbox 1778 461 2075 545; x_wconf 87' lang='grc' dir='ltr'><strong><em>βλέπεις,</em></strong></span> <span class='ocrx_word' id='word_1_11' title='bbox 2123 453 2597 541; x_wconf 73' lang='grc' dir='ltr'><strong><em>ἐπινεμόμενοι</em></strong></span> 
     </span>
     <span class='ocr_line' id='line_1_3' title="bbox 433 553 2599 654; baseline -0.005 -19"><span class='ocrx_word' id='word_1_12' title='bbox 433 573 627 654; x_wconf 84' lang='grc' dir='ltr'><strong><em>μέχρι</em></strong></span> <span class='ocrx_word' id='word_1_13' title='bbox 671 566 846 654; x_wconf 86' lang='grc' dir='ltr'><strong><em>πρὸς</em></strong></span> <span class='ocrx_word' id='word_1_14' title='bbox 886 564 1005 633; x_wconf 80' lang='grc' dir='ltr'><strong><em>τὸν</em></strong></span> <span class='ocrx_word' id='word_1_15' title='bbox 1040 558 1351 632; x_wconf 85' lang='grc' dir='ltr'><strong><em>Ὠκεανὸν</em></strong></span> <span class='ocrx_word' id='word_1_16' title='bbox 1391 563 1795 650; x_wconf 74' lang='grc' dir='ltr'><strong><em>καθήκουσι,</em></strong></span> <span class='ocrx_word' id='word_1_17' title='bbox 1848 560 2038 644; x_wconf 84' lang='grc' dir='ltr'><strong><em>παρὰ</em></strong></span> <span class='ocrx_word' id='word_1_18' title='bbox 2082 559 2347 638; x_wconf 81' lang='grc' dir='ltr'><strong><em>τούτοις</em></strong></span> <span class='ocrx_word' id='word_1_19' title='bbox 2393 553 2599 636; x_wconf 74' lang='grc' dir='ltr'><strong><em>άλσος</em></strong></span> 
     </span>
     <span class='ocr_line' id='line_1_4' title="bbox 437 659 2602 755; baseline -0.005 -18"><span class='ocrx_word' id='word_1_20' title='bbox 437 669 619 738; x_wconf 86' lang='grc' dir='ltr'><strong><em>ἐστὶν</em></strong></span> <span class='ocrx_word' id='word_1_21' title='bbox 666 668 734 736; x_wconf 86' lang='grc' dir='ltr'><strong><em>ἐν</em></strong></span> <span class='ocrx_word' id='word_1_22' title='bbox 778 661 1248 755; x_wconf 79' lang='grc' dir='ltr'><strong><em>περιφράκτῳ,</em></strong></span> <span class='ocrx_word' id='word_1_23' title='bbox 1296 659 1373 734; x_wconf 79' lang='grc' dir='ltr'><strong><em>οὗ</em></strong></span> <span class='ocrx_word' id='word_1_24' title='bbox 1417 664 1598 732; x_wconf 87' lang='grc' dir='ltr'><strong><em>πάνυ</em></strong></span> <span class='ocrx_word' id='word_1_25' title='bbox 1639 664 1909 751; x_wconf 80' lang='grc' dir='ltr'><strong><em>μεγάλῳ</em></strong></span> <span class='ocrx_word' id='word_1_26' title='bbox 1948 669 2195 750; x_wconf 80' lang='grc' dir='ltr'><strong><em>χωρίῳ,</em></strong></span> <span class='ocrx_word' id='word_1_27' title='bbox 2242 672 2602 750; x_wconf 81' lang='grc' dir='ltr'><strong><em>συνηρεφεῖ</em></strong></span> 
     </span>
     <span class='ocr_line' id='line_1_5' title="bbox 439 756 2602 855; baseline -0.005 -16"><span class='ocrx_word' id='word_1_28' title='bbox 439 772 540 839; x_wconf 88' lang='grc' dir='ltr'><strong><em>δέ·</em></strong></span> <span class='ocrx_word' id='word_1_29' title='bbox 592 767 814 848; x_wconf 87' lang='grc' dir='ltr'><strong><em>κιττὸς</em></strong></span> <span class='ocrx_word' id='word_1_30' title='bbox 857 768 982 855; x_wconf 80' lang='grc' dir='ltr'><strong><em>γὰρ</em></strong></span> <span class='ocrx_word' id='word_1_31' title='bbox 1027 767 1240 847; x_wconf 79' lang='grc' dir='ltr'><strong><em>πολὺς</em></strong></span> <span class='ocrx_word' id='word_1_32' title='bbox 1282 771 1395 836; x_wconf 85' lang='grc' dir='ltr'><strong><em>καὶ</em></strong></span> <span class='ocrx_word' id='word_1_33' title='bbox 1442 762 1739 852; x_wconf 74' lang='grc' dir='ltr'><strong><em>ἄμπελοι</em></strong></span> <span class='ocrx_word' id='word_1_34' title='bbox 1783 767 2054 834; x_wconf 89' lang='grc' dir='ltr'><strong><em>σύσκιον</em></strong></span> <span class='ocrx_word' id='word_1_35' title='bbox 2100 761 2260 832; x_wconf 82' lang='grc' dir='ltr'><strong><em>αὗτὸ</em></strong></span> <span class='ocrx_word' id='word_1_36' title='bbox 2310 756 2602 849; x_wconf 81' lang='grc' dir='ltr'><strong><em>άκριβῶς</em></strong></span> 
     </span>
     <span class='ocr_line' id='line_1_6' title="bbox 437 865 2602 959; baseline -0.004 -19"><span class='ocrx_word' id='word_1_37' title='bbox 437 875 774 940; x_wconf 88' lang='grc' dir='ltr'><strong><em>ποιοῦσιν.</em></strong></span> <span class='ocrx_word' id='word_1_38' title='bbox 863 871 1161 938; x_wconf 85' lang='grc' dir='ltr'><strong><em>ἐνταῦθα</em></strong></span> <span class='ocrx_word' id='word_1_39' title='bbox 1205 876 1421 959; x_wconf 91' lang='grc' dir='ltr'><strong><em>πηγαί</em></strong></span> <span class='ocrx_word' id='word_1_40' title='bbox 1477 869 1612 937; x_wconf 80' lang='grc' dir='ltr'><strong><em>εἶσι</em></strong></span> <span class='ocrx_word' id='word_1_41' title='bbox 1653 882 1835 956; x_wconf 83' lang='grc' dir='ltr'><strong><em>τρεῖς</em></strong></span> <span class='ocrx_word' id='word_1_42' title='bbox 1877 868 2233 935; x_wconf 77' lang='grc' dir='ltr'><strong><em>καλλίστου</em></strong></span> <span class='ocrx_word' id='word_1_43' title='bbox 2276 868 2391 934; x_wconf 83' lang='grc' dir='ltr'><strong><em>καὶ</em></strong></span> <span class='ocrx_word' id='word_1_44' title='bbox 2434 865 2602 932; x_wconf 85' lang='grc' dir='ltr'><strong><em>διει-</em></strong></span> 
     </span>
     <span class='ocr_line' id='line_1_7' title="bbox 439 964 2600 1062; baseline -0.005 -20"><span class='ocrx_word' id='word_1_45' title='bbox 439 974 760 1042; x_wconf 89' lang='grc' dir='ltr'><strong><em>δεστάτου</em></strong></span> <span class='ocrx_word' id='word_1_46' title='bbox 806 966 1066 1055; x_wconf 79' lang='grc' dir='ltr'><strong><em>ῦδατος,</em></strong></span> <span class='ocrx_word' id='word_1_47' title='bbox 1111 969 1152 1062; x_wconf 80' lang='grc' dir='ltr'>ἡ</span> <span class='ocrx_word' id='word_1_48' title='bbox 1196 972 1317 1057; x_wconf 81' lang='grc' dir='ltr'><strong><em>μὲν</em></strong></span> <span class='ocrx_word' id='word_1_49' title='bbox 1362 971 1696 1058; x_wconf 81' lang='grc' dir='ltr'><strong><em>Σατύρου,</em></strong></span> <span class='ocrx_word' id='word_1_50' title='bbox 1740 967 1781 1058; x_wconf 81' lang='grc' dir='ltr'><em>ἦ</em></span> <span class='ocrx_word' id='word_1_51' title='bbox 1831 971 1904 1039; x_wconf 81' lang='grc' dir='ltr'><strong><em>δὲ</em></strong></span> <span class='ocrx_word' id='word_1_52' title='bbox 1946 969 2199 1051; x_wconf 87' lang='grc' dir='ltr'><strong><em>Πανός,</em></strong></span> <span class='ocrx_word' id='word_1_53' title='bbox 2241 964 2282 1058; x_wconf 81' lang='grc' dir='ltr'>ἡ</span> <span class='ocrx_word' id='word_1_54' title='bbox 2330 967 2404 1034; x_wconf 76' lang='grc' dir='ltr'><strong><em>δὲ</em></strong></span> <span class='ocrx_word' id='word_1_55' title='bbox 2448 972 2600 1033; x_wconf 86' lang='grc' dir='ltr'><strong><em>Σει-</em></strong></span> 
     </span>
     <span class='ocr_line' id='line_1_8' title="bbox 439 1068 2603 1164; baseline -0.004 -21"><span class='ocrx_word' id='word_1_56' title='bbox 439 1079 657 1164; x_wconf 85' lang='grc' dir='ltr'><strong><em>ληνοῦ.</em></strong></span> <span class='ocrx_word' id='word_1_57' title='bbox 730 1080 843 1145; x_wconf 85' lang='grc' dir='ltr'><strong><em>καὶ</em></strong></span> <span class='ocrx_word' id='word_1_58' title='bbox 888 1074 1299 1162; x_wconf 85' lang='grc' dir='ltr'><strong><em>εἰσέρχονται</em></strong></span> <span class='ocrx_word' id='word_1_59' title='bbox 1341 1073 1440 1152; x_wconf 80' lang='grc' dir='ltr'><strong><em>εἰς</em></strong></span> <span class='ocrx_word' id='word_1_60' title='bbox 1483 1068 1645 1141; x_wconf 73' lang='grc' dir='ltr'><strong><em>αὐτὸ</em></strong></span> <span class='ocrx_word' id='word_1_61' title='bbox 1688 1075 1757 1141; x_wconf 79' lang='grc' dir='ltr'><strong><em>οἱ</em></strong></span> <span class='ocrx_word' id='word_1_62' title='bbox 1776 1068 1973 1142; x_wconf 79' lang='grc' dir='ltr'><strong><em>Ἰνδοὶ</em></strong></span> <span class='ocrx_word' id='word_1_63' title='bbox 2020 1070 2209 1150; x_wconf 75' lang='grc' dir='ltr'><strong><em>ἅπαξ</em></strong></span> <span class='ocrx_word' id='word_1_64' title='bbox 2247 1073 2369 1137; x_wconf 89' lang='grc' dir='ltr'><strong><em>τοῦ</em></strong></span> <span class='ocrx_word' id='word_1_65' title='bbox 2413 1068 2603 1147; x_wconf 72' lang='grc' dir='ltr'><strong><em>ἔτους</em></strong></span> 
     </span>
     <span class='ocr_line' id='line_1_9' title="bbox 440 1166 2602 1265; baseline -0.004 -19"><span class='ocrx_word' id='word_1_66' title='bbox 440 1177 862 1264; x_wconf 77' lang='grc' dir='ltr'><strong><em>ἑορτάζοντες</em></strong></span> <span class='ocrx_word' id='word_1_67' title='bbox 904 1180 1002 1265; x_wconf 73' lang='grc' dir='ltr'><strong><em>τῷ</em></strong></span> <span class='ocrx_word' id='word_1_68' title='bbox 1044 1180 1222 1263; x_wconf 76' lang='grc' dir='ltr'><strong><em>θεῷ,</em></strong></span> <span class='ocrx_word' id='word_1_69' title='bbox 1278 1178 1392 1243; x_wconf 83' lang='grc' dir='ltr'><strong><em>καὶ</em></strong></span> <span class='ocrx_word' id='word_1_70' title='bbox 1435 1181 1716 1244; x_wconf 91' lang='grc' dir='ltr'><strong><em>πίνουσι</em></strong></span> <span class='ocrx_word' id='word_1_71' title='bbox 1756 1178 1893 1243; x_wconf 88' lang='grc' dir='ltr'><strong><em>τῶν</em></strong></span> <span class='ocrx_word' id='word_1_72' title='bbox 1938 1176 2201 1264; x_wconf 80' lang='grc' dir='ltr'><strong><em>πηγῶν,</em></strong></span> <span class='ocrx_word' id='word_1_73' title='bbox 2256 1166 2373 1255; x_wconf 73' lang='grc' dir='ltr'><strong><em>οὐχ</em></strong></span> <span class='ocrx_word' id='word_1_74' title='bbox 2417 1168 2602 1238; x_wconf 81' lang='grc' dir='ltr'><strong><em>άπα-</em></strong></span> 
     </span>
     <span class='ocr_line' id='line_1_10' title="bbox 443 1270 2605 1364; baseline -0.004 -17"><span class='ocrx_word' id='word_1_75' title='bbox 443 1283 579 1347; x_wconf 91' lang='grc' dir='ltr'><strong><em>σῶν</em></strong></span> <span class='ocrx_word' id='word_1_76' title='bbox 625 1274 948 1361; x_wconf 89' lang='grc' dir='ltr'><strong><em>άπαντες,</em></strong></span> <span class='ocrx_word' id='word_1_77' title='bbox 1010 1272 1181 1345; x_wconf 69' lang='grc' dir='ltr'><strong><em>ἀλλὰ</em></strong></span> <span class='ocrx_word' id='word_1_78' title='bbox 1238 1271 1406 1345; x_wconf 76' lang='grc' dir='ltr'><strong><em>καθ’</em></strong></span> <span class='ocrx_word' id='word_1_79' title='bbox 1472 1274 1767 1364; x_wconf 81' lang='grc' dir='ltr'><strong><em>ἡλικίαν,</em></strong></span> <span class='ocrx_word' id='word_1_80' title='bbox 1825 1276 1909 1343; x_wconf 80' lang='grc' dir='ltr'><strong><em>τὰ</em></strong></span> <span class='ocrx_word' id='word_1_81' title='bbox 1963 1276 2084 1361; x_wconf 82' lang='grc' dir='ltr'><strong><em>μὲν</em></strong></span> <span class='ocrx_word' id='word_1_82' title='bbox 2126 1270 2441 1360; x_wconf 86' lang='grc' dir='ltr'><strong><em>μειράκια</em></strong></span> <span class='ocrx_word' id='word_1_83' title='bbox 2486 1276 2605 1359; x_wconf 85' lang='grc' dir='ltr'><strong><em>τῆς</em></strong></span> 
     </span>
     <span class='ocr_line' id='line_1_11' title="bbox 440 1376 2606 1501; baseline -0.003 -53"><span class='ocrx_word' id='word_1_84' title='bbox 440 1385 573 1449; x_wconf 89' lang='grc' dir='ltr'><strong><em>τῶν</em></strong></span> <span class='ocrx_word' id='word_1_85' title='bbox 631 1382 979 1468; x_wconf 79' lang='grc' dir='ltr'><strong><em>Σατύρων,</em></strong></span> <span class='ocrx_word' id='word_1_86' title='bbox 1045 1382 1113 1448; x_wconf 82' lang='grc' dir='ltr'><strong><em>οἱ</em></strong></span> <span class='ocrx_word' id='word_1_87' title='bbox 1172 1376 1407 1469; x_wconf 71' lang='grc' dir='ltr'><strong><em>ἄνδρες</em></strong></span> <span class='ocrx_word' id='word_1_88' title='bbox 1474 1380 1547 1448; x_wconf 81' lang='grc' dir='ltr'><strong><em>δὲ</em></strong></span> <span class='ocrx_word' id='word_1_89' title='bbox 1604 1382 1746 1501; x_wconf 87' lang='grc' dir='ltr'><strong><em>τῆς</em></strong></span> <span class='ocrx_word' id='word_1_90' title='bbox 1777 1382 2111 1467; x_wconf 85' lang='grc' dir='ltr'><strong><em>Πανικῆς,</em></strong></span> <span class='ocrx_word' id='word_1_91' title='bbox 2177 1381 2297 1466; x_wconf 85' lang='grc' dir='ltr'><strong><em>τῆς</em></strong></span> <span class='ocrx_word' id='word_1_92' title='bbox 2356 1376 2428 1443; x_wconf 83' lang='grc' dir='ltr'><strong><em>δὲ</em></strong></span> <span class='ocrx_word' id='word_1_93' title='bbox 2484 1378 2606 1443; x_wconf 91' lang='grc' dir='ltr'><strong><em>τοῦ</em></strong></span> 
     </span>
    </p>
   </div>
   <div class='ocr_carea' id='block_1_3' title="bbox 382 1468 2682 1572">
    <p class='ocr_par' dir='ltr' id='par_1_3' title="bbox 382 1468 2682 1572">
     <span class='ocr_line' id='line_1_12' title="bbox 382 1468 2682 1572; baseline 0 -25"><span class='ocrx_word' id='word_1_94' title='bbox 382 1492 413 1547; x_wconf 78' lang='lat'><strong><em>‘2</em></strong></span> <span class='ocrx_word' id='word_1_95' title='bbox 441 1485 761 1572; x_wconf 79' lang='grc' dir='ltr'><strong><em>Σειληνοῦ</em></strong></span> <span class='ocrx_word' id='word_1_96' title='bbox 802 1484 869 1552; x_wconf 80' lang='grc' dir='ltr'><strong><em>οἱ</em></strong></span> <span class='ocrx_word' id='word_1_97' title='bbox 910 1476 1060 1550; x_wconf 72' lang='grc' dir='ltr'><strong><em>κατ’</em></strong></span> <span class='ocrx_word' id='word_1_98' title='bbox 1112 1483 1248 1568; x_wconf 84' lang='grc' dir='ltr'><strong><em>ἐμέ.</em></strong></span> <span class='ocrx_word' id='word_1_99' title='bbox 1324 1490 1382 1550; x_wconf 88' lang='grc'><strong><em>7.</em></strong></span> <span class='ocrx_word' id='word_1_100' title='bbox 1429 1481 1474 1549; x_wconf 79' lang='grc' dir='ltr'><em>ἃ</em></span> <span class='ocrx_word' id='word_1_101' title='bbox 1501 1482 1623 1567; x_wconf 78' lang='grc' dir='ltr'><strong><em>μὲν</em></strong></span> <span class='ocrx_word' id='word_1_102' title='bbox 1668 1468 1784 1550; x_wconf 85' lang='grc' dir='ltr'><strong><em>οῦν</em></strong></span> <span class='ocrx_word' id='word_1_103' title='bbox 1826 1481 2200 1565; x_wconf 82' lang='grc' dir='ltr'><strong><em>πάσχουσιν</em></strong></span> <span class='ocrx_word' id='word_1_104' title='bbox 2245 1481 2313 1548; x_wconf 78' lang='grc' dir='ltr'><strong><em>οἱ</em></strong></span> <span class='ocrx_word' id='word_1_105' title='bbox 2353 1479 2599 1557; x_wconf 85' lang='grc' dir='ltr'><strong><em>παῖδες</em></strong></span> <span class='ocrx_word' id='word_1_106' title='bbox 2620 1497 2682 1550; x_wconf 88' lang='grc'><strong><em>81</em></strong></span> 
     </span>
    </p>
   </div>
   <div class='ocr_carea' id='block_1_4' title="bbox 442 1575 2616 3512">
    <p class='ocr_par' dir='ltr' id='par_1_4' title="bbox 442 1575 2616 3512">
     <span class='ocr_line' id='line_1_13' title="bbox 442 1575 2607 1673; baseline -0.002 -20"><span class='ocrx_word' id='word_1_107' title='bbox 442 1585 722 1653; x_wconf 83' lang='grc' dir='ltr'><strong><em>ἐπειδὰν</em></strong></span> <span class='ocrx_word' id='word_1_108' title='bbox 765 1591 1037 1668; x_wconf 85' lang='grc' dir='ltr'><strong><em>πίωσιν,</em></strong></span> <span class='ocrx_word' id='word_1_109' title='bbox 1082 1575 1126 1673; x_wconf 81' lang='grc' dir='ltr'><em>ἢ</em></span> <span class='ocrx_word' id='word_1_110' title='bbox 1170 1585 1283 1654; x_wconf 82' lang='grc' dir='ltr'><strong><em>οἶα</em></strong></span> <span class='ocrx_word' id='word_1_111' title='bbox 1328 1586 1394 1653; x_wconf 83' lang='grc' dir='ltr'><strong><em>οἱ</em></strong></span> <span class='ocrx_word' id='word_1_112' title='bbox 1432 1580 1666 1669; x_wconf 78' lang='grc' dir='ltr'><strong><em>ἄνδρες</em></strong></span> <span class='ocrx_word' id='word_1_113' title='bbox 1693 1586 1996 1669; x_wconf 89' lang='grc' dir='ltr'><strong><em>τολμῶσι</em></strong></span> <span class='ocrx_word' id='word_1_114' title='bbox 2036 1583 2466 1667; x_wconf 88' lang='grc' dir='ltr'><strong><em>κατεχόμενοι</em></strong></span> <span class='ocrx_word' id='word_1_115' title='bbox 2507 1583 2607 1667; x_wconf 76' lang='grc' dir='ltr'><strong><em>τῷ</em></strong></span> 
     </span>
     <span class='ocr_line' id='line_1_14' title="bbox 442 1680 2604 1777; baseline -0.002 -21"><span class='ocrx_word' id='word_1_116' title='bbox 442 1694 652 1770; x_wconf 90' lang='grc' dir='ltr'><strong><em>Πανί,</em></strong></span> <span class='ocrx_word' id='word_1_117' title='bbox 712 1686 966 1774; x_wconf 82' lang='grc' dir='ltr'><strong><em>μακρὸν</em></strong></span> <span class='ocrx_word' id='word_1_118' title='bbox 1012 1715 1095 1755; x_wconf 89' lang='grc' dir='ltr'><strong><em>αν</em></strong></span> <span class='ocrx_word' id='word_1_119' title='bbox 1141 1688 1243 1777; x_wconf 78' lang='grc' dir='ltr'><strong><em>εἵη</em></strong></span> <span class='ocrx_word' id='word_1_120' title='bbox 1304 1689 1546 1774; x_wconf 87' lang='grc' dir='ltr'><strong><em>λέγειν·</em></strong></span> <span class='ocrx_word' id='word_1_121' title='bbox 1605 1685 1647 1753; x_wconf 80' lang='grc' dir='ltr'><em>ἃ</em></span> <span class='ocrx_word' id='word_1_122' title='bbox 1694 1680 1758 1753; x_wconf 78' lang='grc' dir='ltr'><strong><em>δ’</em></strong></span> <span class='ocrx_word' id='word_1_123' title='bbox 1812 1687 1879 1754; x_wconf 81' lang='grc' dir='ltr'><strong><em>οἱ</em></strong></span> <span class='ocrx_word' id='word_1_124' title='bbox 1919 1690 2224 1772; x_wconf 87' lang='grc' dir='ltr'><strong><em>γέροντες</em></strong></span> <span class='ocrx_word' id='word_1_125' title='bbox 2267 1688 2604 1767; x_wconf 90' lang='grc' dir='ltr'><strong><em>ποιοῦσιν,</em></strong></span> 
     </span>
     <span class='ocr_line' id='line_1_15' title="bbox 443 1782 2607 1875; baseline -0.001 -18"><span class='ocrx_word' id='word_1_126' title='bbox 443 1789 606 1858; x_wconf 78' lang='grc' dir='ltr'><strong><em>ὅταν</em></strong></span> <span class='ocrx_word' id='word_1_127' title='bbox 649 1793 1063 1875; x_wconf 89' lang='grc' dir='ltr'><strong><em>μεθυσθῶσι</em></strong></span> <span class='ocrx_word' id='word_1_128' title='bbox 1089 1794 1209 1858; x_wconf 90' lang='grc' dir='ltr'><strong><em>τοῦ</em></strong></span> <span class='ocrx_word' id='word_1_129' title='bbox 1253 1783 1517 1873; x_wconf 81' lang='grc' dir='ltr'><strong><em>ῦδατος,</em></strong></span> <span class='ocrx_word' id='word_1_130' title='bbox 1565 1782 1683 1855; x_wconf 80' lang='grc' dir='ltr'><strong><em>οῦκ</em></strong></span> <span class='ocrx_word' id='word_1_131' title='bbox 1728 1782 2081 1874; x_wconf 73' lang='grc' dir='ltr'><strong><em>ἀλλότριον</em></strong></span> <span class='ocrx_word' id='word_1_132' title='bbox 2125 1787 2370 1855; x_wconf 80' lang='grc' dir='ltr'><strong><em>εἰπεῖν·</em></strong></span> <span class='ocrx_word' id='word_1_133' title='bbox 2418 1786 2607 1856; x_wconf 85' lang='grc' dir='ltr'><strong><em>ἐπει-</em></strong></span> 
     </span>
     <span class='ocr_line' id='line_1_16' title="bbox 447 1883 2609 1981; baseline -0.001 -23"><span class='ocrx_word' id='word_1_134' title='bbox 447 1890 572 1958; x_wconf 82' lang='grc' dir='ltr'><strong><em>δὰν</em></strong></span> <span class='ocrx_word' id='word_1_135' title='bbox 615 1897 740 1981; x_wconf 89' lang='grc' dir='ltr'><strong><em>πίῃ</em></strong></span> <span class='ocrx_word' id='word_1_136' title='bbox 786 1888 821 1958; x_wconf 84' lang='grc' dir='ltr'>ὅ</span> <span class='ocrx_word' id='word_1_137' title='bbox 867 1902 1079 1977; x_wconf 84' lang='grc' dir='ltr'><strong><em>γέρων</em></strong></span> <span class='ocrx_word' id='word_1_138' title='bbox 1120 1896 1234 1960; x_wconf 87' lang='grc' dir='ltr'><strong><em>καὶ</em></strong></span> <span class='ocrx_word' id='word_1_139' title='bbox 1276 1891 1570 1980; x_wconf 86' lang='grc' dir='ltr'><strong><em>κατάσχῃ</em></strong></span> <span class='ocrx_word' id='word_1_140' title='bbox 1631 1884 1831 1957; x_wconf 82' lang='grc' dir='ltr'><strong><em>αὗτὸν</em></strong></span> <span class='ocrx_word' id='word_1_141' title='bbox 1876 1886 1912 1956; x_wconf 84' lang='lat' dir='ltr'><strong><em>o‘</em></strong></span> <span class='ocrx_word' id='word_1_142' title='bbox 1960 1890 2307 1979; x_wconf 89' lang='grc' dir='ltr'><strong><em>Σειληνός,</em></strong></span> <span class='ocrx_word' id='word_1_143' title='bbox 2366 1883 2609 1957; x_wconf 74' lang='grc' dir='ltr'><strong><em>αὐτίκα</em></strong></span> 
     </span>
     <span class='ocr_line' id='line_1_17' title="bbox 449 1991 2608 2082; baseline -0.001 -21"><span class='ocrx_word' id='word_1_144' title='bbox 449 1993 567 2061; x_wconf 86' lang='grc' dir='ltr'><strong><em>ἐπὶ</em></strong></span> <span class='ocrx_word' id='word_1_145' title='bbox 610 1992 787 2061; x_wconf 78' lang='grc' dir='ltr'><strong><em>πολὺ</em></strong></span> <span class='ocrx_word' id='word_1_146' title='bbox 834 1991 1107 2082; x_wconf 77' lang='grc' dir='ltr'><strong><em>ἄφωνός</em></strong></span> <span class='ocrx_word' id='word_1_147' title='bbox 1151 1993 1297 2061; x_wconf 82' lang='grc' dir='ltr'><strong><em>ἐστι</em></strong></span> <span class='ocrx_word' id='word_1_148' title='bbox 1324 1996 1438 2074; x_wconf 66' lang='grc' dir='ltr'><strong><em>κα)</em></strong></span> <span class='ocrx_word' id='word_1_149' title='bbox 1469 1999 1959 2082; x_wconf 82' lang='grc' dir='ltr'><strong><em>καρηβαροῦντι</em></strong></span> <span class='ocrx_word' id='word_1_150' title='bbox 1995 1994 2105 2060; x_wconf 81' lang='grc' dir='ltr'><strong><em>καὶ</em></strong></span> <span class='ocrx_word' id='word_1_151' title='bbox 2148 1995 2608 2077; x_wconf 86' lang='grc' dir='ltr'><strong><em>βεβαπτισμέ-</em></strong></span> 
     </span>
     <span class='ocr_line' id='line_1_18' title="bbox 448 2092 2609 2184; baseline -0.002 -21"><span class='ocrx_word' id='word_1_152' title='bbox 448 2122 537 2181; x_wconf 81' lang='grc' dir='ltr'><strong><em>νῳ</em></strong></span> <span class='ocrx_word' id='word_1_153' title='bbox 583 2096 813 2178; x_wconf 72' lang='grc' dir='ltr'><strong><em>ἔοικεν,</em></strong></span> <span class='ocrx_word' id='word_1_154' title='bbox 860 2093 1006 2164; x_wconf 84' lang='grc' dir='ltr'><strong><em>εἶτα</em></strong></span> <span class='ocrx_word' id='word_1_155' title='bbox 1037 2093 1238 2184; x_wconf 76' lang='grc' dir='ltr'><strong><em>ἄφνω</em></strong></span> <span class='ocrx_word' id='word_1_156' title='bbox 1283 2095 1474 2183; x_wconf 88' lang='grc' dir='ltr'><strong><em>φωνή</em></strong></span> <span class='ocrx_word' id='word_1_157' title='bbox 1505 2120 1581 2162; x_wconf 87' lang='grc' dir='ltr'><strong><em>τε</em></strong></span> <span class='ocrx_word' id='word_1_158' title='bbox 1620 2094 1895 2180; x_wconf 80' lang='grc' dir='ltr'><strong><em>λαμπρὰ</em></strong></span> <span class='ocrx_word' id='word_1_159' title='bbox 1942 2097 2055 2163; x_wconf 82' lang='grc' dir='ltr'><strong><em>καὶ</em></strong></span> <span class='ocrx_word' id='word_1_160' title='bbox 2087 2099 2367 2183; x_wconf 86' lang='grc' dir='ltr'><strong><em>φθέγμα</em></strong></span> <span class='ocrx_word' id='word_1_161' title='bbox 2408 2092 2609 2181; x_wconf 82' lang='grc' dir='ltr'><strong><em>τορὸν</em></strong></span> 
     </span>
     <span class='ocr_line' id='line_1_19' title="bbox 444 2192 2614 2285; baseline -0.001 -19"><span class='ocrx_word' id='word_1_162' title='bbox 444 2201 555 2267; x_wconf 87' lang='grc' dir='ltr'><strong><em>καὶ</em></strong></span> <span class='ocrx_word' id='word_1_163' title='bbox 610 2201 873 2285; x_wconf 89' lang='grc' dir='ltr'><strong><em>πνεῦμα</em></strong></span> <span class='ocrx_word' id='word_1_164' title='bbox 934 2196 1199 2284; x_wconf 82' lang='grc' dir='ltr'><strong><em>λιγυρὸν</em></strong></span> <span class='ocrx_word' id='word_1_165' title='bbox 1259 2196 1628 2285; x_wconf 73' lang='grc' dir='ltr'><strong><em>ἐγγίγνεται</em></strong></span> <span class='ocrx_word' id='word_1_166' title='bbox 1685 2192 1869 2285; x_wconf 78' lang='grc' dir='ltr'><strong><em>αὐτῷ</em></strong></span> <span class='ocrx_word' id='word_1_167' title='bbox 1910 2202 2024 2268; x_wconf 80' lang='grc' dir='ltr'><strong><em>καὶ</em></strong></span> <span class='ocrx_word' id='word_1_168' title='bbox 2084 2199 2483 2276; x_wconf 86' lang='grc' dir='ltr'><strong><em>λαλίστατος</em></strong></span> <span class='ocrx_word' id='word_1_169' title='bbox 2540 2194 2614 2276; x_wconf 79' lang='grc' dir='ltr'><strong><em>ἐξ</em></strong></span> 
     </span>
     <span class='ocr_line' id='line_1_20' title="bbox 446 2291 2606 2390; baseline -0.001 -23"><span class='ocrx_word' id='word_1_170' title='bbox 446 2294 886 2390; x_wconf 69' lang='grc' dir='ltr'><strong><em>ἀφωνοτάτου</em></strong></span> <span class='ocrx_word' id='word_1_171' title='bbox 932 2300 1139 2381; x_wconf 76' lang='grc' dir='ltr'><strong><em>ἐστίν,</em></strong></span> <span class='ocrx_word' id='word_1_172' title='bbox 1195 2294 1336 2367; x_wconf 70' lang='grc' dir='ltr'><strong><em>οὔδ’</em></strong></span> <span class='ocrx_word' id='word_1_173' title='bbox 1388 2291 1470 2368; x_wconf 64' lang='grc' dir='ltr'><strong><em>ἂν</em></strong></span> <span class='ocrx_word' id='word_1_174' title='bbox 1527 2300 1976 2385; x_wconf 72' lang='grc' dir='ltr'><strong><em>ἐπιστομίσας</em></strong></span> <span class='ocrx_word' id='word_1_175' title='bbox 2024 2300 2357 2379; x_wconf 90' lang='grc' dir='ltr'><strong><em>παύσειας</em></strong></span> <span class='ocrx_word' id='word_1_176' title='bbox 2401 2297 2606 2367; x_wconf 77' lang='grc' dir='ltr'><strong><em>αὐτόν</em></strong></span> 
     </span>
     <span class='ocr_line' id='line_1_21' title="bbox 442 2395 2604 2491; baseline -0 -23"><span class='ocrx_word' id='word_1_177' title='bbox 442 2400 533 2487; x_wconf 83' lang='grc' dir='ltr'><strong><em>μὴ</em></strong></span> <span class='ocrx_word' id='word_1_178' title='bbox 571 2395 715 2485; x_wconf 82' lang='grc' dir='ltr'><strong><em>οῦχὶ</em></strong></span> <span class='ocrx_word' id='word_1_179' title='bbox 748 2405 986 2488; x_wconf 84' lang='grc' dir='ltr'><strong><em>συνεχῆ</em></strong></span> <span class='ocrx_word' id='word_1_180' title='bbox 1016 2403 1242 2470; x_wconf 81' lang='grc' dir='ltr'><strong><em>λαλεῖν</em></strong></span> <span class='ocrx_word' id='word_1_181' title='bbox 1270 2404 1385 2469; x_wconf 85' lang='grc' dir='ltr'><strong><em>καὶ</em></strong></span> <span class='ocrx_word' id='word_1_182' title='bbox 1414 2402 1639 2490; x_wconf 80' lang='grc' dir='ltr'><strong><em>ῥήσεις</em></strong></span> <span class='ocrx_word' id='word_1_183' title='bbox 1660 2402 1919 2487; x_wconf 80' lang='grc' dir='ltr'><strong><em>μακρὰς</em></strong></span> <span class='ocrx_word' id='word_1_184' title='bbox 1950 2409 2291 2491; x_wconf 85' lang='grc' dir='ltr'><strong><em>συνείρειν.</em></strong></span> <span class='ocrx_word' id='word_1_185' title='bbox 2364 2400 2604 2469; x_wconf 82' lang='grc' dir='ltr'><strong><em>συνετὰ</em></strong></span> 
     </span>
     <span class='ocr_line' id='line_1_22' title="bbox 442 2502 2604 2592; baseline -0 -22"><span class='ocrx_word' id='word_1_186' title='bbox 442 2508 674 2588; x_wconf 87' lang='grc' dir='ltr'><strong><em>μέντοι</em></strong></span> <span class='ocrx_word' id='word_1_187' title='bbox 698 2502 921 2571; x_wconf 88' lang='grc' dir='ltr'><strong><em>πάντα</em></strong></span> <span class='ocrx_word' id='word_1_188' title='bbox 941 2506 1055 2571; x_wconf 87' lang='grc' dir='ltr'><strong><em>καὶ</em></strong></span> <span class='ocrx_word' id='word_1_189' title='bbox 1066 2503 1316 2589; x_wconf 88' lang='grc' dir='ltr'><strong><em>κόσμια</em></strong></span> <span class='ocrx_word' id='word_1_190' title='bbox 1330 2507 1443 2572; x_wconf 84' lang='grc' dir='ltr'><strong><em>καὶ</em></strong></span> <span class='ocrx_word' id='word_1_191' title='bbox 1464 2503 1632 2572; x_wconf 80' lang='grc' dir='ltr'><strong><em>κατὰ</em></strong></span> <span class='ocrx_word' id='word_1_192' title='bbox 1654 2502 2065 2592; x_wconf 87' lang='grc' dir='ltr'><strong><em>τὸνὉμήρου</em></strong></span> <span class='ocrx_word' id='word_1_193' title='bbox 2082 2503 2328 2573; x_wconf 85' lang='grc' dir='ltr'><strong><em>ἐκεῖνον</em></strong></span> <span class='ocrx_word' id='word_1_194' title='bbox 2352 2503 2604 2591; x_wconf 80' lang='grc' dir='ltr'><strong><em>ῥήτορα</em></strong></span> 
     </span>
     <span class='ocr_line' id='line_1_23' title="bbox 445 2600 2604 2694; baseline 0 -21"><span class='ocrx_word' id='word_1_195' title='bbox 445 2604 884 2694; x_wconf 89' lang='grc' dir='ltr'><strong><em>,,νιφάδεσσιν</em></strong></span> <span class='ocrx_word' id='word_1_196' title='bbox 907 2605 1172 2673; x_wconf 89' lang='grc' dir='ltr'><strong><em>ἐοικότα</em></strong></span> <span class='ocrx_word' id='word_1_197' title='bbox 1189 2610 1612 2694; x_wconf 88' lang='grc' dir='ltr'><strong><em>χειμερίῃσι“</em></strong></span> <span class='ocrx_word' id='word_1_198' title='bbox 1624 2606 2098 2692; x_wconf 86' lang='grc' dir='ltr'><strong><em>διεξέρχονται·</em></strong></span> <span class='ocrx_word' id='word_1_199' title='bbox 2125 2600 2268 2674; x_wconf 77' lang='grc' dir='ltr'><strong><em>οὐδ’</em></strong></span> <span class='ocrx_word' id='word_1_200' title='bbox 2301 2600 2604 2694; x_wconf 87' lang='grc' dir='ltr'><strong><em>άποχρή-</em></strong></span> 
     </span>
     <span class='ocr_line' id='line_1_24' title="bbox 447 2701 2605 2800; baseline 0 -25"><span class='ocrx_word' id='word_1_201' title='bbox 447 2730 552 2775; x_wconf 89' lang='grc' dir='ltr'><strong><em>σει</em></strong></span> <span class='ocrx_word' id='word_1_202' title='bbox 596 2731 707 2775; x_wconf 91' lang='grc' dir='ltr'><strong><em>σοι</em></strong></span> <span class='ocrx_word' id='word_1_203' title='bbox 747 2708 1007 2787; x_wconf 87' lang='grc' dir='ltr'><strong><em>κύκνοις</em></strong></span> <span class='ocrx_word' id='word_1_204' title='bbox 1036 2710 1205 2776; x_wconf 86' lang='grc' dir='ltr'><strong><em>κατὰ</em></strong></span> <span class='ocrx_word' id='word_1_205' title='bbox 1249 2708 1371 2799; x_wconf 89' lang='grc' dir='ltr'><strong><em>τὴν</em></strong></span> <span class='ocrx_word' id='word_1_206' title='bbox 1400 2706 1664 2800; x_wconf 80' lang='grc' dir='ltr'><strong><em>ἡλικίαν</em></strong></span> <span class='ocrx_word' id='word_1_207' title='bbox 1695 2707 1961 2776; x_wconf 86' lang='grc' dir='ltr'><strong><em>εἰκάσαι</em></strong></span> <span class='ocrx_word' id='word_1_208' title='bbox 1992 2702 2249 2790; x_wconf 75' lang='grc' dir='ltr'><strong><em>αὐτούς,</em></strong></span> <span class='ocrx_word' id='word_1_209' title='bbox 2281 2701 2462 2784; x_wconf 69' lang='grc' dir='ltr'><strong><em>ἷᾶλλὰ</em></strong></span> <span class='ocrx_word' id='word_1_210' title='bbox 2492 2710 2605 2775; x_wconf 86' lang='grc' dir='ltr'><strong><em>καὶ</em></strong></span> 
     </span>
     <span class='ocr_line' id='line_1_25' title="bbox 445 2805 2606 2896; baseline -0 -19"><span class='ocrx_word' id='word_1_211' title='bbox 445 2810 831 2896; x_wconf 84' lang='grc' dir='ltr'><strong><em>τεττιγῶδές</em></strong></span> <span class='ocrx_word' id='word_1_212' title='bbox 873 2837 943 2878; x_wconf 88' lang='grc' dir='ltr'><strong><em>τι</em></strong></span> <span class='ocrx_word' id='word_1_213' title='bbox 985 2810 1236 2878; x_wconf 86' lang='grc' dir='ltr'><strong><em>πυκνὸν</em></strong></span> <span class='ocrx_word' id='word_1_214' title='bbox 1277 2813 1391 2878; x_wconf 84' lang='grc' dir='ltr'><strong><em>καὶ</em></strong></span> <span class='ocrx_word' id='word_1_215' title='bbox 1425 2810 1779 2894; x_wconf 84' lang='grc' dir='ltr'><strong><em>ἐπίτροχον</em></strong></span> <span class='ocrx_word' id='word_1_216' title='bbox 1824 2809 2274 2878; x_wconf 89' lang='grc' dir='ltr'><strong><em>συνάπτουσιν</em></strong></span> <span class='ocrx_word' id='word_1_217' title='bbox 2307 2805 2460 2896; x_wconf 78' lang='grc' dir='ltr'><strong><em>άχρι</em></strong></span> <span class='ocrx_word' id='word_1_218' title='bbox 2479 2814 2606 2894; x_wconf 90' lang='grc' dir='ltr'><strong><em>βα-</em></strong></span> 
     </span>
     <span class='ocr_line' id='line_1_26' title="bbox 446 2904 2607 3001; baseline -0 -23"><span class='ocrx_word' id='word_1_219' title='bbox 446 2918 648 2989; x_wconf 87' lang='grc' dir='ltr'><strong><em>θείας</em></strong></span> <span class='ocrx_word' id='word_1_220' title='bbox 670 2911 981 2999; x_wconf 75' lang='grc' dir='ltr'><strong><em>ἑσπέρας.</em></strong></span> <span class='ocrx_word' id='word_1_221' title='bbox 1032 2908 1433 2980; x_wconf 77' lang='grc' dir='ltr'><strong><em>τούντεῦθεν</em></strong></span> <span class='ocrx_word' id='word_1_222' title='bbox 1458 2912 1532 2978; x_wconf 80' lang='grc' dir='ltr'><strong><em>δὲ</em></strong></span> <span class='ocrx_word' id='word_1_223' title='bbox 1551 2907 1677 2999; x_wconf 82' lang='grc' dir='ltr'><strong><em>ἤδη</em></strong></span> <span class='ocrx_word' id='word_1_224' title='bbox 1704 2904 2082 3001; x_wconf 73' lang='grc' dir='ltr'><strong><em>ἀφεθείσης</em></strong></span> <span class='ocrx_word' id='word_1_225' title='bbox 2105 2906 2333 2990; x_wconf 72' lang='grc' dir='ltr'><strong><em>αῦτοῖς</em></strong></span> <span class='ocrx_word' id='word_1_226' title='bbox 2353 2915 2472 3000; x_wconf 83' lang='grc' dir='ltr'><strong><em>τῆς</em></strong></span> <span class='ocrx_word' id='word_1_227' title='bbox 2491 2915 2607 2995; x_wconf 87' lang='grc' dir='ltr'><strong><em>μέ-</em></strong></span> 
     </span>
     <span class='ocr_line' id='line_1_27' title="bbox 448 3006 2611 3101; baseline 0.001 -22"><span class='ocrx_word' id='word_1_228' title='bbox 448 3019 582 3100; x_wconf 88' lang='grc' dir='ltr'><strong><em>θης</em></strong></span> <span class='ocrx_word' id='word_1_229' title='bbox 613 3017 929 3081; x_wconf 89' lang='grc' dir='ltr'><strong><em>σιωπῶσι</em></strong></span> <span class='ocrx_word' id='word_1_230' title='bbox 956 3017 1069 3082; x_wconf 87' lang='grc' dir='ltr'><strong><em>καὶ</em></strong></span> <span class='ocrx_word' id='word_1_231' title='bbox 1098 3014 1273 3101; x_wconf 82' lang='grc' dir='ltr'><strong><em>πρὸς</em></strong></span> <span class='ocrx_word' id='word_1_232' title='bbox 1302 3012 1377 3080; x_wconf 84' lang='grc' dir='ltr'><strong><em>τὸ</em></strong></span> <span class='ocrx_word' id='word_1_233' title='bbox 1422 3006 1696 3099; x_wconf 73' lang='grc' dir='ltr'><strong><em>ἀρχαῖον</em></strong></span> <span class='ocrx_word' id='word_1_234' title='bbox 1729 3007 2181 3100; x_wconf 76' lang='grc' dir='ltr'><strong><em>ἀνατρέχουσι.</em></strong></span> <span class='ocrx_word' id='word_1_235' title='bbox 2252 3014 2329 3082; x_wconf 86' lang='grc' dir='ltr'><strong><em>τὸ</em></strong></span> <span class='ocrx_word' id='word_1_236' title='bbox 2376 3018 2611 3098; x_wconf 84' lang='grc' dir='ltr'><strong><em>μέντοι</em></strong></span> 
     </span>
     <span class='ocr_line' id='line_1_28' title="bbox 450 3103 2611 3204; baseline 0.001 -25"><span class='ocrx_word' id='word_1_237' title='bbox 450 3114 1004 3198; x_wconf 88' lang='grc' dir='ltr'><strong><em>παραδοξότατον</em></strong></span> <span class='ocrx_word' id='word_1_238' title='bbox 1034 3107 1302 3181; x_wconf 76' lang='grc' dir='ltr'><strong><em>οὐδέπω</em></strong></span> <span class='ocrx_word' id='word_1_239' title='bbox 1326 3111 1550 3182; x_wconf 83' lang='grc' dir='ltr'><strong><em>εἶπον·</em></strong></span> <span class='ocrx_word' id='word_1_240' title='bbox 1580 3103 1661 3203; x_wconf 76' lang='grc' dir='ltr'><strong><em>ἢν</em></strong></span> <span class='ocrx_word' id='word_1_241' title='bbox 1682 3113 1809 3201; x_wconf 83' lang='grc' dir='ltr'><strong><em>γὰρ</em></strong></span> <span class='ocrx_word' id='word_1_242' title='bbox 1840 3110 2038 3202; x_wconf 80' lang='grc' dir='ltr'><strong><em>ἀτελῆ</em></strong></span> <span class='ocrx_word' id='word_1_243' title='bbox 2061 3113 2097 3182; x_wconf 79' lang='grc' dir='ltr'><em>ὃ</em></span> <span class='ocrx_word' id='word_1_244' title='bbox 2129 3121 2339 3204; x_wconf 85' lang='grc' dir='ltr'><strong><em>γέρων</em></strong></span> <span class='ocrx_word' id='word_1_245' title='bbox 2360 3115 2611 3200; x_wconf 80' lang='grc' dir='ltr'><strong><em>μεταξὺ</em></strong></span> 
     </span>
     <span class='ocr_line' id='line_1_29' title="bbox 448 3213 2612 3304; baseline 0 -21"><span class='ocrx_word' id='word_1_246' title='bbox 448 3217 786 3303; x_wconf 83' lang='grc' dir='ltr'><strong><em>καταλίπῃ</em></strong></span> <span class='ocrx_word' id='word_1_247' title='bbox 819 3213 895 3283; x_wconf 80' lang='grc' dir='ltr'><strong><em>ὃν</em></strong></span> <span class='ocrx_word' id='word_1_248' title='bbox 927 3214 1176 3303; x_wconf 79' lang='grc' dir='ltr'><strong><em>διεξῄει</em></strong></span> <span class='ocrx_word' id='word_1_249' title='bbox 1203 3215 1322 3283; x_wconf 85' lang='grc' dir='ltr'><strong><em>τὸν</em></strong></span> <span class='ocrx_word' id='word_1_250' title='bbox 1367 3216 1581 3303; x_wconf 87' lang='grc' dir='ltr'><strong><em>λόγον,</em></strong></span> <span class='ocrx_word' id='word_1_251' title='bbox 1627 3216 1859 3295; x_wconf 89' lang='grc' dir='ltr'><strong><em>δύντος</em></strong></span> <span class='ocrx_word' id='word_1_252' title='bbox 1895 3214 2087 3304; x_wconf 75' lang='grc' dir='ltr'><strong><em>ἡλίου</em></strong></span> <span class='ocrx_word' id='word_1_253' title='bbox 2129 3220 2463 3294; x_wconf 81' lang='grc' dir='ltr'><strong><em>κωλυθεὶς</em></strong></span> <span class='ocrx_word' id='word_1_254' title='bbox 2493 3217 2612 3285; x_wconf 81' lang='grc' dir='ltr'><strong><em>ἐπὶ</em></strong></span> 
     </span>
     <span class='ocr_line' id='line_1_30' title="bbox 452 3306 2616 3404; baseline 0.001 -20"><span class='ocrx_word' id='word_1_255' title='bbox 452 3323 667 3404; x_wconf 83' lang='grc' dir='ltr'><strong><em>πέρας</em></strong></span> <span class='ocrx_word' id='word_1_256' title='bbox 710 3312 912 3385; x_wconf 77' lang='grc' dir='ltr'><strong><em>αὐτὸν</em></strong></span> <span class='ocrx_word' id='word_1_257' title='bbox 942 3317 1353 3401; x_wconf 84' lang='grc' dir='ltr'><strong><em>ἐπεξελθεῖν,</em></strong></span> <span class='ocrx_word' id='word_1_258' title='bbox 1401 3318 1470 3397; x_wconf 84' lang='grc' dir='ltr'><strong><em>ἐς</em></strong></span> <span class='ocrx_word' id='word_1_259' title='bbox 1514 3323 1728 3386; x_wconf 85' lang='grc' dir='ltr'><strong><em>νέωτα</em></strong></span> <span class='ocrx_word' id='word_1_260' title='bbox 1762 3319 1943 3387; x_wconf 84' lang='grc' dir='ltr'><strong><em>πιών</em></strong></span> <span class='ocrx_word' id='word_1_261' title='bbox 1989 3306 2195 3400; x_wconf 71' lang='grc' dir='ltr'><strong><em>αὖθις</em></strong></span> <span class='ocrx_word' id='word_1_262' title='bbox 2239 3319 2453 3388; x_wconf 85' lang='grc' dir='ltr'><strong><em>ἐκεῖνα</em></strong></span> <span class='ocrx_word' id='word_1_263' title='bbox 2499 3342 2616 3387; x_wconf 88' lang='grc' dir='ltr'><strong><em>συ-</em></strong></span> 
     </span>
     <span class='ocr_line' id='line_1_31' title="bbox 452 3414 2367 3512; baseline 0.001 -26"><span class='ocrx_word' id='word_1_264' title='bbox 452 3420 698 3488; x_wconf 89' lang='grc' dir='ltr'><strong><em>νάπτει</em></strong></span> <span class='ocrx_word' id='word_1_265' title='bbox 742 3418 785 3487; x_wconf 78' lang='grc' dir='ltr'><em>ἃ</em></span> <span class='ocrx_word' id='word_1_266' title='bbox 829 3425 1108 3506; x_wconf 88' lang='grc' dir='ltr'><strong><em>πέρυσιν</em></strong></span> <span class='ocrx_word' id='word_1_267' title='bbox 1154 3414 1355 3488; x_wconf 76' lang='grc' dir='ltr'><strong><em>αὐτὸν</em></strong></span> <span class='ocrx_word' id='word_1_268' title='bbox 1399 3422 1675 3507; x_wconf 84' lang='grc' dir='ltr'><strong><em>λέγοντα</em></strong></span> <span class='ocrx_word' id='word_1_269' title='bbox 1717 3416 1758 3509; x_wconf 81' lang='grc' dir='ltr'>ἡ</span> <span class='ocrx_word' id='word_1_270' title='bbox 1803 3427 1985 3512; x_wconf 86' lang='grc' dir='ltr'><strong><em>μέθη</em></strong></span> <span class='ocrx_word' id='word_1_271' title='bbox 2029 3424 2367 3490; x_wconf 88' lang='grc' dir='ltr'><strong><em>κατέλιπε.</em></strong></span> 
     </span>
    </p>
   </div>
   <div class='ocr_carea' id='block_1_5' title="bbox 630 3520 2692 3609">
    <p class='ocr_par' dir='ltr' id='par_1_5' title="bbox 630 3520 2692 3609">
     <span class='ocr_line' id='line_1_32' title="bbox 630 3520 2692 3609; baseline -0.001 -19"><span class='ocrx_word' id='word_1_272' title='bbox 630 3526 687 3590; x_wconf 89' lang='grc'><strong><em>8.</em></strong></span> <span class='ocrx_word' id='word_1_273' title='bbox 740 3522 966 3589; x_wconf 92' lang='grc' dir='ltr'><strong><em>Ταῦτά</em></strong></span> <span class='ocrx_word' id='word_1_274' title='bbox 1008 3547 1130 3607; x_wconf 92' lang='grc' dir='ltr'><strong><em>μοι</em></strong></span> <span class='ocrx_word' id='word_1_275' title='bbox 1170 3521 1340 3590; x_wconf 83' lang='grc' dir='ltr'><strong><em>κατὰ</em></strong></span> <span class='ocrx_word' id='word_1_276' title='bbox 1383 3521 1503 3591; x_wconf 88' lang='grc' dir='ltr'><strong><em>τὸν</em></strong></span> <span class='ocrx_word' id='word_1_277' title='bbox 1533 3526 1795 3607; x_wconf 84' lang='grc' dir='ltr'><strong><em>Μῶμον</em></strong></span> <span class='ocrx_word' id='word_1_278' title='bbox 1842 3523 1939 3603; x_wconf 82' lang='grc' dir='ltr'><strong><em>εἷς</em></strong></span> <span class='ocrx_word' id='word_1_279' title='bbox 1969 3523 2255 3609; x_wconf 78' lang='grc' dir='ltr'><strong><em>ἐμαυτὸν</em></strong></span> <span class='ocrx_word' id='word_1_280' title='bbox 2299 3520 2692 3597; x_wconf 64' lang='lat' dir='ltr'><strong><em>dammi-82</em></strong></span> 
     </span>
    </p>
   </div>
   <div class='ocr_carea' id='block_1_6' title="bbox 453 3618 2620 4022">
    <p class='ocr_par' dir='ltr' id='par_1_6' title="bbox 453 3618 2620 4022">
     <span class='ocr_line' id='line_1_33' title="bbox 455 3618 2615 3715; baseline -0 -23"><span class='ocrx_word' id='word_1_281' title='bbox 455 3632 649 3715; x_wconf 92' lang='grc' dir='ltr'><strong><em>φθω,</em></strong></span> <span class='ocrx_word' id='word_1_282' title='bbox 706 3628 819 3693; x_wconf 88' lang='grc' dir='ltr'><strong><em>καὶ</em></strong></span> <span class='ocrx_word' id='word_1_283' title='bbox 862 3624 960 3710; x_wconf 85' lang='grc' dir='ltr'><strong><em>μὰ</em></strong></span> <span class='ocrx_word' id='word_1_284' title='bbox 1002 3624 1120 3692; x_wconf 78' lang='grc' dir='ltr'><strong><em>τόν</em></strong></span> <span class='ocrx_word' id='word_1_285' title='bbox 1163 3619 1278 3691; x_wconf 80' lang='grc' dir='ltr'><strong><em>Δί’</em></strong></span> <span class='ocrx_word' id='word_1_286' title='bbox 1346 3618 1464 3691; x_wconf 82' lang='grc' dir='ltr'><strong><em>οῦκ</em></strong></span> <span class='ocrx_word' id='word_1_287' title='bbox 1510 3651 1590 3691; x_wconf 90' lang='grc' dir='ltr'><strong><em>αν</em></strong></span> <span class='ocrx_word' id='word_1_288' title='bbox 1646 3626 1748 3693; x_wconf 90' lang='grc' dir='ltr'><strong><em>ε’τι</em></strong></span> <span class='ocrx_word' id='word_1_289' title='bbox 1796 3626 2206 3714; x_wconf 83' lang='grc' dir='ltr'><strong><em>ἐπαγάγοιμι</em></strong></span> <span class='ocrx_word' id='word_1_290' title='bbox 2247 3624 2323 3694; x_wconf 83' lang='grc' dir='ltr'><strong><em>τὸ</em></strong></span> <span class='ocrx_word' id='word_1_291' title='bbox 2374 3624 2615 3709; x_wconf 83' lang='grc' dir='ltr'><strong><em>ἐπιμύ-</em></strong></span> 
     </span>
     <span class='ocr_line' id='line_1_34' title="bbox 453 3716 2618 3817; baseline 0 -24"><span class='ocrx_word' id='word_1_292' title='bbox 453 3733 645 3795; x_wconf 84' lang='grc' dir='ltr'><strong><em>θιον’</em></strong></span> <span class='ocrx_word' id='word_1_293' title='bbox 692 3723 894 3814; x_wconf 84' lang='grc' dir='ltr'><strong><em>ορᾶτε</em></strong></span> <span class='ocrx_word' id='word_1_294' title='bbox 919 3726 1046 3814; x_wconf 82' lang='grc' dir='ltr'><strong><em>γὰρ</em></strong></span> <span class='ocrx_word' id='word_1_295' title='bbox 1089 3723 1215 3817; x_wconf 80' lang='grc' dir='ltr'><strong><em>ἤδη</em></strong></span> <span class='ocrx_word' id='word_1_296' title='bbox 1247 3720 1415 3793; x_wconf 73' lang='grc' dir='ltr'><strong><em>καθ’</em></strong></span> <span class='ocrx_word' id='word_1_297' title='bbox 1467 3726 1509 3793; x_wconf 74' lang='grc' dir='ltr'>ὅ</span> <span class='ocrx_word' id='word_1_298' title='bbox 1548 3752 1617 3794; x_wconf 91' lang='grc' dir='ltr'><strong><em>τι</em></strong></span> <span class='ocrx_word' id='word_1_299' title='bbox 1660 3731 1761 3815; x_wconf 76' lang='grc' dir='ltr'><strong><em>τῷ</em></strong></span> <span class='ocrx_word' id='word_1_300' title='bbox 1788 3728 1992 3817; x_wconf 81' lang='grc' dir='ltr'><strong><em>μύθῳ</em></strong></span> <span class='ocrx_word' id='word_1_301' title='bbox 2036 3729 2240 3797; x_wconf 90' lang='grc' dir='ltr'><strong><em>εὀικα.</em></strong></span> <span class='ocrx_word' id='word_1_302' title='bbox 2316 3721 2491 3794; x_wconf 75' lang='grc' dir='ltr'><strong><em>ὥστε</em></strong></span> <span class='ocrx_word' id='word_1_303' title='bbox 2533 3716 2618 3816; x_wconf 79' lang='grc' dir='ltr'><strong><em>ἢν</em></strong></span> 
     </span>
     <span class='ocr_line' id='line_1_35' title="bbox 454 3824 2620 3917; baseline -0 -22"><span class='ocrx_word' id='word_1_304' title='bbox 454 3833 575 3914; x_wconf 87' lang='grc' dir='ltr'><strong><em>μέν</em></strong></span> <span class='ocrx_word' id='word_1_305' title='bbox 617 3854 686 3895; x_wconf 91' lang='grc' dir='ltr'><strong><em>τι</em></strong></span> <span class='ocrx_word' id='word_1_306' title='bbox 728 3835 1247 3914; x_wconf 87' lang='grc' dir='ltr'><strong><em>παραπαίωμεν,</em></strong></span> <span class='ocrx_word' id='word_1_307' title='bbox 1293 3824 1334 3917; x_wconf 82' lang='grc' dir='ltr'>ἡ</span> <span class='ocrx_word' id='word_1_308' title='bbox 1378 3832 1561 3917; x_wconf 83' lang='grc' dir='ltr'><strong><em>μέθη</em></strong></span> <span class='ocrx_word' id='word_1_309' title='bbox 1610 3829 1823 3897; x_wconf 79' lang='grc' dir='ltr'><strong><em>αἰτία·</em></strong></span> <span class='ocrx_word' id='word_1_310' title='bbox 1880 3829 1940 3897; x_wconf 86' lang='grc' dir='ltr'><strong><em>εἰ</em></strong></span> <span class='ocrx_word' id='word_1_311' title='bbox 1985 3831 2058 3899; x_wconf 81' lang='grc' dir='ltr'><strong><em>δὲ</em></strong></span> <span class='ocrx_word' id='word_1_312' title='bbox 2104 3828 2352 3899; x_wconf 84' lang='grc' dir='ltr'><strong><em>πινυτὰ</em></strong></span> <span class='ocrx_word' id='word_1_313' title='bbox 2398 3828 2620 3907; x_wconf 85' lang='grc' dir='ltr'><strong><em>δόξειε</em></strong></span> 
     </span>
     <span class='ocr_line' id='line_1_36' title="bbox 453 3918 1935 4022; baseline 0.003 -26"><span class='ocrx_word' id='word_1_314' title='bbox 453 3929 538 3996; x_wconf 84' lang='grc' dir='ltr'><strong><em>τὰ</em></strong></span> <span class='ocrx_word' id='word_1_315' title='bbox 586 3930 924 4017; x_wconf 85' lang='grc' dir='ltr'><strong><em>λεγόμενα,</em></strong></span> <span class='ocrx_word' id='word_1_316' title='bbox 971 3926 1005 3997; x_wconf 83' lang='grc' dir='ltr'>ὅ</span> <span class='ocrx_word' id='word_1_317' title='bbox 1054 3930 1371 4022; x_wconf 81' lang='grc' dir='ltr'><strong><em>Σειληνὸς</em></strong></span> <span class='ocrx_word' id='word_1_318' title='bbox 1417 3926 1549 4018; x_wconf 91' lang='grc' dir='ltr'><strong><em>άρα</em></strong></span> <span class='ocrx_word' id='word_1_319' title='bbox 1591 3918 1672 4021; x_wconf 83' lang='grc' dir='ltr'><strong><em>ἦν</em></strong></span> <span class='ocrx_word' id='word_1_320' title='bbox 1717 3932 1935 4011; x_wconf 83' lang='grc' dir='ltr'><strong><em>ἵλεως.</em></strong></span> 
     </span>
    </p>
   </div>
   <div class='ocr_carea' id='block_1_7' title="bbox 1336 4089 1742 4098">
    <p class='ocr_par' dir='ltr' id='par_1_7' title="bbox 1336 4089 1742 4098">
     <span class='ocr_line' id='line_1_37' title="bbox 1336 4089 1742 4098; baseline 0 0"><span class='ocrx_word' id='word_1_321' title='bbox 1336 4089 1742 4098; x_wconf 95' lang='lat' dir='ltr'><strong><em> </em></strong></span> 
     </span>
    </p>
   </div>
   <div class='ocr_carea' id='block_1_8' title="bbox 2851 3520 2866 3609">
    <p class='ocr_par' dir='ltr' id='par_1_8' title="bbox 2851 3520 2866 3609">
     <span class='ocr_line' id='line_1_38' title="bbox 2851 3520 2866 3609; baseline 0 0"><span class='ocrx_word' id='word_1_322' title='bbox 2851 3520 2866 3609; x_wconf 55' lang='grc' dir='ltr'><strong>ἦ</strong></span> 
     </span>
    </p>
   </div>
  </div>
 </body>
</html>
