2867 4525
1074 226 1230 280 ΠΕΡΙ
1262 226 1592 281 ΠΕΝΘΟΥΣ.
2338 224 2418 283 73

244 398 486 474 κλίνας
543 393 743 465 αὑτὸν
800 390 911 463 ἐπ’
978 390 1301 481 άγκῶνος,
1364 390 1483 463 οῦκ
1541 386 1622 463 ἃν
1675 395 1970 480 οἰόμεθα
2027 395 2422 463 δικαιότατα

252 488 465 561 αὐτὸν
508 494 759 579 εἰπεῖνς
804 488 949 564 ἄλλ’
1001 488 1186 580 ὅμως
1230 496 1296 563 οἱ
1338 495 1622 582 μάταιοι
1650 497 1765 561 καὶ
1805 497 2022 580 βοῶσι
2066 497 2176 560 καὶ
2219 519 2419 580 μετα·

251 592 684 678 στειλάμενοί
737 620 891 660 τινα
949 593 1220 680 θρήνων
1281 592 1611 683 σοφιστὴν
1678 591 1937 672 πολλὰς
1993 593 2423 676 συνειλοχότα

250 689 561 769 παλαιὰς
614 689 974 779 συμφορὰς
1022 691 1239 778 τούτῳ
1299 694 1757 778 συναγωνιστῇ
1808 692 1922 758 καὶ
1978 695 2241 778 χορηγῷ
2304 695 2423 779 τῆς

251 782 491 866 ἀνοίας
519 793 997 875 καταχρῶνται,
1030 786 1219 858 ὁποῖ’
1254 779 1337 857 ὃν
1368 789 1616 867 ἐκεῖνος
1643 788 1877 877 ἐξάρχῃ
1910 788 2083 875 πρὸς
2110 787 2189 858 τό
2217 792 2423 873 μέλος

250 881 711 968 ἐπαιάζοντες.
800 893 904 958 21.
948 892 1061 955 καὶ
1112 892 1305 973 μέχρι
1354 889 1477 973 μὲν
1532 884 1806 974 θρήνων
1859 883 1894 954 5
1952 883 2151 968 αὐτὸς
2195 880 2417 956 ἅπασι
2431 898 2507 954 21

250 984 460 1069 νόμος
500 989 623 1075 τῆς
668 981 1084 1074 ἀβελτερίας·
1129 985 1205 1053 τὸ
1255 987 1328 1054 δὲ
1374 985 1513 1053 άπὸ
1546 985 1786 1052 τούτου
1833 985 2208 1070 διελόμενοι
2254 987 2421 1056 κατὰ

253 1084 427 1173 ἔθνη
454 1082 580 1163 τὰς
608 1084 834 1174 ταφὰς
864 1080 898 1153 5
928 1086 1051 1170 μὲν
1071 1085 1304 1175 Ἕλλην
1330 1085 1627 1167 ἔκαυσεν,
1664 1080 1699 1151 5
1735 1084 1808 1151 δὲ
1836 1089 2107 1172 Πέρσης
2137 1084 2424 1171 ἔθαψεν,

256 1178 295 1249 5
347 1183 420 1249 δὲ
455 1182 651 1262 Ἰνδὸς
695 1178 878 1274 ὖάλῳ
923 1191 1273 1270 περιχρίει,
1321 1180 1355 1252 5
1404 1184 1478 1250 δὲ
1508 1183 1775 1273 Σκύθης
1817 1189 2188 1265 κατεσθίει,
2233 1210 2423 1273 ταρι-

250 1279 435 1363 χεύει
479 1280 550 1348 δὲ
596 1280 632 1348 5
679 1281 1094 1368 Αἰγύπτιος·
1154 1275 1350 1361 οὗτος
1391 1287 1514 1366 μέν
1557 1306 1632 1368 γε
1675 1321 1761 1330 -
1805 1284 1974 1369 λέγω
2020 1275 2090 1349 δ’.
2134 1281 2296 1349 ἰδών
2341 1321 2423 1332 -

254 1378 548 1468 ξηράνας
589 1378 708 1450 τὸν
750 1378 981 1464 νεκρὸν
1039 1374 1430 1458 ξύνδειπνον
1476 1382 1583 1447 καὶ
1634 1379 1976 1467 ξυμπότην
2023 1379 2422 1469 ἐποιήσατο·

253 1476 586 1556 πολλάκις
631 1478 704 1544 δὲ
733 1480 844 1545 καὶ
876 1478 1180 1592 δεομένῳ
1203 1478 1564 1567 χρημάτων
1595 1471 1786 1563 ἇνδρὶ
1816 1478 2185 1565 Αἰγυπτίῳ
2232 1478 2423 1546 ε’λυσε

147 1573 379 1664 ωθτὴν
425 1568 723 1661 άπορίαν
781 1575 1081 1661 ἐνέχυρον
1136 1566 1180 1663 ἢ
1224 1573 1258 1642 5
1309 1565 1692 1665 ἀδελφὸς
1649 1603 1688 1662 η
1744 1572 1778 1643 5
1827 1576 2052 1664 πατὴρ
2099 1575 2166 1643 ἐν
2210 1581 2423 1664 καιρῷ

196 1723 207 1735 .
249 1672 628 1757 γενόμενος.
705 1679 806 1740 22.
832 1673 1113 1758 χώματα
1156 1674 1278 1758 μὲν
1307 1673 1434 1760 γὰρ
1466 1677 1577 1741 καὶ
1614 1674 1991 1757 πυραμίδες
2019 1677 2131 1741 καὶ
2177 1677 2506 1764 στῆλαιεε

250 1774 367 1839 καὶ
416 1770 894 1858 ἐπιγράμματα
923 1770 1099 1857 πρὸς
1142 1765 1367 1858 ὀλίγον
1404 1771 1804 1855 διαρκοῦντα
1833 1774 1985 1849 πῶς
2016 1765 2093 1837 05
2135 1772 2422 1895 περιττὰ

249 1872 365 1936 καὶ
425 1869 741 1949 παιδιαῖς
795 1868 1277 1955 προσεοικότας
1340 1875 1443 1937 23.
1488 1875 1710 1937 καίτοι
1764 1873 1875 1936 καὶ
1936 1864 2194 1956 άγῶνας
2249 1870 2509 1944 ενιοι28

251 1968 579 2035 διέθεσαν
625 1972 734 2035 καὶ
779 1968 1015 2055 λόγους
1045 1966 1452 2081 ἐπιταφίους
1483 1963 1676 2034 εἶπον
1723 1967 1839 2033 ἐπὶ
1884 1971 2014 2035 τῶν
2058 1968 2419 2057 μνημάτων

251 2057 487 2151 ὥσπερ
547 2065 1093 2153 συναγορεύοντες
1148 2055 1190 2156 ἢ
1244 2073 1733 2153 μαρτυροῦντες
1795 2065 1986 2185 παρὰ
2041 2081 2186 2145 τοῖς
2242 2068 2419 2135 κάτω

255 2166 608 2243 δικασταῖς
636 2169 733 2253 τῷ
764 2168 986 2252 νεκρῷ.
1063 2170 1165 2231 24.
1199 2164 1315 2231 ἐπὶ
1361 2168 1536 2232 πᾶσι
1563 2158 1826 2244 τούτοις
1852 2163 1928 2231 τὸ
1975 2166 2412 2251 περίδειπνον
2428 2181 2506 2237 24

255 2269 365 2332 καὶ
395 2265 713 2350 πάρεισιν
738 2291 804 2332 οι
827 2264 1278 2352 προσήκοντες
1299 2267 1410 2330 καὶ
1423 2263 1581 2343 τοῦς
1593 2269 1830 2351 γονέας
1851 2268 2420 2382 παραμυθοῦνται

255 2367 378 2430 τοῦ
422 2365 964 2452 τετελευτηκότος
992 2366 1103 2431 καὶ
1135 2369 1467 2431 πείθουσι
1500 2363 1882 2449 γεύσασθαι
1913 2361 2028 2430 οὐκ
2060 2358 2282 2452 ἀηδῶς
2324 2362 2421 2449 μὰ

259 2468 405 2528 Δία
460 2455 597 2527 οὐδ’
661 2460 901 2539 αὐτοὺς
958 2454 1556 2546 ἀναγκαζομένους,
1615 2457 1787 2526 ἀλλὰ
1844 2456 1968 2550 ἤδη
2026 2457 2161 2528 ὑπὸ
2226 2464 2423 2577 λιμοῦ

258 2564 467 2643 τριῶν
496 2556 710 2645 ἑξῆς(
671 2563 934 2648 ημερῶν
967 2553 1456 2647 ἀπηυδηκότας.
1527 2564 1658 2640 καί,
1706 2564 1929 2675 Μέχρι
1957 2559 2078 2642 μὲν
2115 2566 2420 2646 τίνος,ω

144 2674 237 2726 934
263 2654 480 2741 οὗτος,
500 2653 929 2744 ὄδυρόμεθας
914 2658 1153 2726 ·ἒάσον
1175 2655 1715 2725 ἆναπαύσασθαι
1735 2656 1892 2735 τοὺς
1911 2660 2032 2722 τοῦ
2052 2664 2421 2743 μακαρίτου

257 2759 613 2843 δαίμονας·
662 2757 725 2824 εἰ
764 2757 841 2823 δὲ
883 2759 993 2824 καὶ
1037 2754 1113 2823 τὸ
1161 2756 1495 2840 παράπαν
1528 2754 1778 2822 κλάειν
1795 2755 2173 2841 διέγνωκας,
2216 2749 2423 2821 αυτοῦ

253 2881 330 2942 γε
370 2855 613 2922 τούτου
659 2855 849 2920 ἕνεκα
873 2852 997 2943 χρὴ
1043 2852 1132 2940 μὴ
1164 2847 1503 2921 άπόσιτον
1534 2849 1727 2935 εἶναι,
1771 2852 1885 2920 ἵνα
1914 2856 2024 2920 καὶ
2071 2852 2424 2941 διαρκέσῃς

256 2952 433 3037 πρὸς
477 2956 598 3020 τοῦ
628 2957 929 3030 πένθους
970 2950 1047 3019 τὸ
1077 2956 1388 3038 μέγεθος.
1462 2951 1615 3018 τότε
1645 2950 1726 3039 δὴ
1758 2951 1913 3019 τότε
1939 2952 2423 3041 ῥαψωδοῦνται

255 3051 435 3139 πρὸς
481 3047 801 3118 ἁπάντων
850 3051 966 3117 δύο
1011 3054 1132 3117 τοῦ
1169 3048 1458 3138 Ὁμήρου
1506 3057 1756 3132 στίχοι·

429 3154 542 3218 καὶ
584 3149 712 3237 γάρ
752 3147 820 3219 τ’
869 3142 1158 3237 ἠύκομος
1202 3149 1422 3239 Νιόβη
1465 3147 1802 3238 ἐμνήσατο
1848 3155 2074 3216 σίτου·

255 3252 368 3320 καὶ

426 3352 704 3435 γαστέρι
747 3340 808 3412 δ’
862 3341 1093 3425 οὔπως
1139 3345 1280 3417 ἐστὶ
1327 3351 1513 3414 νέκυν
1558 3351 1904 3438 πενθῆσαι
1940 3342 2268 3429 Ἀχαιούς.

257 3449 326 3519 οἱ
372 3447 448 3514 δε
504 3438 836 3515 ἅπτονται
891 3449 1043 3530 μέν,
1105 3443 1570 3529 αἰσχυνόμενοι
1613 3446 1688 3513 δὲ
1741 3446 1826 3513 τὰ
1873 3449 2112 3532 πρῶτα
2155 3446 2266 3511 καὶ
2312 3443 2419 3509 δε-

259 3546 478 3625 διότες
544 3543 606 3610 εἰ
662 3545 1035 3626 φανοῦνται
1099 3542 1269 3626 μετὰ
1335 3541 1455 3630 τὴν
1511 3543 1820 3631 τελευτὴν
1884 3546 2018 3610 τῶν
2076 3540 2420 3630 φιλτάτων

255 3657 402 3721 τοῖς
446 3636 917 3729 ἀνθρωπίνοις
976 3640 1281 3708 πάθεσιν
1340 3640 1745 3727 ἐμμένοντες.
1835 3645 2048 3709 ταῦτα
2091 3642 2201 3707 καὶ
2246 3638 2421 3705 πολὺ

256 3741 515 3813 τούτων
557 3740 943 3827 γελοιότερα
973 3739 1157 3825 εὕροι
1200 3763 1301 3816 τις
1340 3728 1417 3805 ἂν
1465 3735 1799 3828 ἐπιτηρῶν
1831 3738 1899 3806 ἐν
1942 3752 2086 3819 τοῖς
2130 3744 2421 3805 πένθεσι

256 3839 615 3927 γιγνόμενα
669 3837 782 3904 διὰ
839 3837 914 3906 τὸ
974 3836 1132 3917 τοὺς
1190 3834 1486 3917 πολλοῦς
1527 3835 1602 3904 τὸ
1658 3841 1971 3925 μέγιστον
2025 3840 2159 3907 τῶν
2204 3839 2421 3903 κακῶν

256 3937 376 4005 τὸν
420 3936 727 4003 θάνατον
773 3936 1070 4005 οίεσθαι.
