2867 4525
998 281 1152 338 ΠΕΡΙ
1184 273 1568 335 ΠΑΡΑΣΙΤΌΥ.
2291 284 2373 341 43

192 478 312 531 τος
362 443 447 519 ἀν
494 453 618 541 ε’ίη.
686 450 1040 538 πρόκειται
1087 452 1160 519 δὲ
1205 449 1361 541 ἡμῖν
1391 451 1568 537 ιπερὶ
1597 458 1981 536 παρασίτου
2014 452 2228 540 ζητεῖν
2259 448 2370 520 όν-

191 579 332 637 τος,
385 549 526 637 οὐχὶ
574 552 664 641 μὴ
713 548 929 632 ὄντος.
996 551 1057 620 εἰ
1103 550 1242 621 δὲ(
1206 580 1241 620 ο
1292 550 1597 639 ἀνδρεῖος
1644 549 1760 620 οὐκ
1790 543 2080 632 αλλως”
2038 580 2079 643 η
2112 578 2371 639 παρου-

196 663 317 745 σίᾳ
377 653 848 744 ἀνδρειότητος
906 657 1018 723 καὶ
1076 651 1111 722 ὅ
1174 651 1508 743 φρόνιμος
1566 662 1911 744 παρουσίᾳ
1957 655 2368 777 φρονήσεως,

191 761 311 825 καὶ
356 786 392 826 ο
441 751 827 844 παράσιτος
871 757 944 825 δὲ
988 764 1337 846 παρουσίᾳ
1379 761 1502 825 τοῦ
1533 771 1949 846 παρασιτεῖν
1990 758 2371 843 παράσιτος

193 861 420 928 ε’σται·
492 857 582 939 ὥς
628 860 695 927 εί
733 885 807 947 γε
850 863 1047 926 τοῦτο
1093 860 1182 950 μὴ
1230 857 1519 946 ὑπάρχει
1566 854 1767 947 αὐτῷ,
1815 863 1975 945 περὶ
2023 855 2228 926 άλλου
2268 885 2369 928 τι·

193 962 328 1042 νός,
375 966 491 1031 καὶ
537 958 679 1046 οὗχὶ
726 968 1128 1047 παρασίτου,
1174 962 1561 1053 ζητήσομεν.

375 1073 584 1132 ΤΥΧ.
641 1058 894 1133 Οὖκοῦν
942 1061 1270 1132 οὐδέποτε
1308 1065 1644 1154 ἀπορήσει
1674 1064 2053 1150 παράσιτος
2081 1070 2370 1154 τροφῆς,-

368 1173 593 1236 ΠΑΡ.
626 1162 910 1235 Ἔοικεν·
978 1164 1153 1235 ὥστε
1197 1164 1343 1236 οὔτ’
1396 1167 1513 1235 ἐπὶ
1558 1168 1773 1255 τούτῳ
1820 1163 1964 1235 οὔτ’
2016 1162 2130 1236 ἐπ’
2186 1164 2367 1255 ἄλλῳ

199 1268 385 1337 ἐστὶν
430 1267 569 1356 ὅτῳ
615 1271 956 1358 λυπηθείη
1005 1263 1104 1336 ἀν.

370 1379 474 1439 55.
519 1374 659 1439 Καὶ
703 1371 833 1459 μὴν
875 1375 988 1439 καὶ
1031 1370 1283 1451 πάντες
1319 1367 1489 1456 ὁμοῦ
1534 1366 1909 1459 φιλόσοφοι
1943 1375 2054 1439 καὶ
2085 1372 2361 1461 ῥήτορες
2394 1390 2469 1446 55

195 1476 574 1561 φοβοῦνται
618 1472 944 1557 μάλιστα·
1033 1472 1189 1550 τούς
1243 1480 1316 1560 γε
1357 1500 1469 1541 τοι
1512 1475 1872 1552 πλείστους
1919 1468 2139 1541 αὐτῶν
2184 1467 2366 1559 εῧροι

191 1601 299 1654 τις
346 1564 429 1641 ἂν
472 1574 642 1659 μετὰ
690 1573 883 1654 ξύλου
915 1576 1302 1660 προϊόντας,
1349 1569 1467 1642 οὗκ
1512 1565 1593 1642 ἀν
1640 1570 1723 1663 δή
1753 1600 1911 1657 που,
1960 1575 2020 1643 εἰ
2063 1575 2153 1664 μὴ
2203 1575 2366 1664 ἐφο-

191 1681 476 1762 βοῦντο,
537 1673 1033 1761 ὡπλισμένους,
1094 1680 1206 1745 καὶ
1260 1677 1384 1756 τὰς
1438 1677 1660 1766 θύρας
1717 1678 1789 1746 δὲ
1846 1678 2029 1762 μάλα
2074 1676 2363 1762 ἐρρωμέ-

195 1787 327 1861 νως
398 1774 917 1861 ἀποκλείοντας,
983 1779 1075 1869 μή
1133 1804 1238 1858 τις
1306 1774 1437 1864 ἄρα
1506 1779 1758 1867 νύκτωρ
1826 1774 2363 1865 ἐπιβουλεύσειεν

195 1878 434 1959 αὐτοῖς
479 1880 818 1961 δεδιότας·
891 1878 928 1949 ὅ
977 1882 1051 1948 δὲ
1093 1882 1212 1971 τὴν
1256 1881 1482 1967 θύραν
1523 1886 1643 1948 τοῦ
1689 1882 2031 1968 δωματίου
2077 1890 2362 1970 προστί-

195 1988 425 2073 θησιν,
481 1982 620 2069 εἰκῆ
665 1986 777 2051 καὶ
821 1988 1040 2066 τοῦτο,
1088 1980 1180 2063 ὥς
1223 1984 1313 2074 μὴ
1358 1980 1481 2050 ὕπ’
1535 1981 1781 2070 ἀνέμου
1828 1982 2209 2074 ἀνοιχθείη,
2254 2011 2362 2073 γε·

195 2090 479 2171 νομένου
538 2085 612 2153 δὲ
671 2084 908 2175 ψόφου
968 2084 1221 2171 νύκτωρ
1282 2079 1476 2153 ουδέν
1530 2112 1599 2154 τι
1653 2089 1909 2172 μαλλον
1962 2093 2362 2173 θορυβεῖται

194 2214 234 2275 η
279 2187 372 2275 μὴ
419 2191 805 2274 γενομένου,
863 2190 978 2255 καὶ
1037 2181 1126 2255 δι’
1192 2186 1474 2278 ερημίας
1533 2189 1606 2256 δὲ
1653 2185 1877 2257 ἀπιὼν
1925 2186 2084 2258 ἄνευ
2133 2189 2370 2279 ξίφους

197 2286 453 2359 ὁδεύει
521 2297 837 2379 φοβεῖται
880 2289 1005 2377 γὰρ
1053 2289 1244 2358 οὐδὲν
1289 2285 1607 2376 ουδαμοῦ.
1679 2293 2101 2419 φιλοσόφους
2138 2293 2211 2361 δε
2240 2290 2366 2383 ἤδη

96 2407 180 2458 879
199 2418 323 2479 εγω
375 2393 702 2471 πολλάκις
748 2388 959 2474 εἶδον,
1018 2386 1356 2472 ουδενὸς’
1330 2389 1527 2473 όντος
1573 2396 1825 2477 δεινοῦ,
1880 2422 1964 2462 τα
2025 2396 2185 2474 ξύλα
2231 2395 2369 2463 ἐνε-

196 2500 716 2579 σκευασμένους·
819 2493 982 2574 ξύλα
1050 2496 1171 2579 μὲν
1227 2495 1352 2582 γὰρ
1412 2495 1636 2579 έχουσι
1701 2502 1813 2567 καὶ
1873 2496 1941 2576 ἐς
2008 2500 2365 2583 βαλανεῖον

197 2597 518 2676 ἀπιόντες
560 2600 673 2665 καὶ
719 2591 834 2663 ἐπ’
899 2592 1194 2681 ἄριστον.
1286 2603 1388 2666 56.
1435 2604 1818 2683 παρασίτου
1862 2605 2093 2684 μέντοι
2139 2593 2358 2677 οὐδεὶς
2392 2608 2471 2663 56

196 2702 330 2784 ε’χει
387 2703 838 2788 κατηγορῆσαι
893 2707 1199 2784 μοιχείαν
1251 2691 1293 2788 ἢ
1336 2707 1496 2786 βίαν
1552 2690 1593 2788 ἢ
1647 2696 1955 2791 ἁρπαγὴν
1999 2727 2038 2789 η
2087 2697 2251 2768 ἄλλο
2297 2729 2364 2769 τι

197 2800 495 2892 ἀδίκημα
541 2799 804 2880 ἅπλῶς·
881 2799 1102 2869 &mist
1078 2799 1116 2869 ό
1161 2827 1236 2889 γε
1278 2812 1585 2882 τοιοῦτος
1629 2828 1746 2869 ουκ
1791 2828 1873 2869 αν
1918 2802 2021 2889 εἰἠ
2068 2802 2364 2891 παράσι-

194 2932 329 2988 τος,
381 2901 530 2972 ἀλλ’
582 2903 819 2971 ἑαυτὸν
850 2903 1099 2983 ἐκεῖνος
1144 2903 1380 2974 ἀδικεῖ.
1456 2899 1623 2972 ὥστ’
1676 2904 1737 2972 εἰ
1771 2903 2130 2990 μοιχεύσας
2158 2905 2362 2989 τύχοι,

197 3004 339 3092 άμα
381 3010 481 3093 τῷ
527 3002 885 3096 ἀδικήματι
927 3010 1043 3074 καὶ
1085 3004 1382 3093 τοῦνομα
1425 3004 1925 3094 μεταλαμβάνει
1967 3012 2087 3075 τοῦ
2132 3004 2363 3095 ἀδική-

197 3135 428 3195 ματος.
499 3107 732 3193 ὥσπερ
781 3108 854 3175 δὲ
898 3103 933 3177 ὃ
981 3110 1181 3189 κακὸς
1228 3107 1302 3177 οὐ
1351 3111 1426 3178 τὸ
1469 3107 1750 3197 ἀγαθός,
1799 3106 1967 3177 ἀλλὰ
1999 3111 2072 3178 τὸ
2107 3114 2365 3200 φαῦλος

199 3209 374 3282 εἶναι
421 3210 769 3297 λαμβάνει,
817 3203 1048 3293 οὕτως,
1095 3208 1305 3297 οἶμαι,
1350 3207 1386 3278 ὅ
1432 3212 1835 3297 παράσιτος,
1884 3210 1998 3281 ἐάν
2045 3239 2112 3281 τι
2146 3212 2361 3303 ἀδικῇ,

197 3314 357 3383 αὐτὸ·
418 3316 546 3400 μὲν
599 3321 800 3381 τοῦτο
857 3306 1028 3398 ὅπερ
1084 3313 1267 3382 ἐστὶν
1311 3307 1716 3399 ἀποβάλλει,
1775 3307 2233 3400 ἀναλαμβάνει
2292 3316 2364 3382 δὲ

196 3417 242 3485 ὃΔ
282 3412 524 3485 ἀδικεῖ.
610 3410 989 3503 ἀδικήματα
1034 3416 1107 3482 δὲ
1150 3426 1433 3484 τοιαῦτα
1478 3408 1776 3505 ῥητόρων
1817 3418 1930 3483 καὶ
1962 3417 2363 3503 φιλοσόφων

197 3516 484 3607 ἄφθονα
531 3511 607 3586 οὗ
653 3518 859 3603 μόνον
902 3518 1098 3602 ἰ’σμεν
1130 3512 1322 3585 αὐτοὶ
1366 3517 1684 3605 γεγονότα
1724 3512 1898 3584 καθ’
1949 3514 2142 3605 ἡμᾶς,
2190 3512 2360 3585 ἀλλὰ

195 3617 314 3690 κάν
359 3634 506 3700 τοῖς
547 3622 843 3706 βιβλίοις
894 3613 1440 3706 ἀπολελειμμένα
1495 3616 1947 3706 ὗπομνήματα
1992 3619 2225 3705 ἔχομεν
2270 3615 2363 3688 ὦν

195 3719 561 3814 ἠδίκησαν.
624 3717 959 3809 ἀπολογία
1003 3723 1125 3807 μὲν
1165 3720 1293 3810 γὰρ
1338 3722 1734 3808 Σωκράτους
1780 3722 1922 3790 ἐστὶ
1965 3726 2078 3791 καὶ
2108 3722 2362 3808 Αἰσχί-

198 3854 309 3895 νου
361 3828 477 3894 καὶ
518 3821 904 3911 Ὑπερείδου
971 3827 1083 3892 καὶ
1126 3830 1619 3912 Δημοσθένους
1664 3828 1776 3893 καὶ
1833 3828 1967 3891 τῶν
2023 3827 2363 3893 πλείστων

199 3926 432 4013 σχεδόν
491 3953 558 3995 τι
616 3926 916 4016 ῥητόρων
971 3929 1083 3994 καὶ
1143 3929 1405 4014 σοφῶν,
1461 3931 1844 4012 παρασίτου
1903 3926 1975 3993 δὲ
2021 3921 2138 3994 οὐκ
2182 3927 2363 3994 ἔστιν

200 4025 537 4117 ἀπολογία
583 4027 727 4097 οὐδ’
782 4031 915 4113 ἔχει
959 4054 1064 4108 τις
1110 4028 1326 4096 εἰπεῖν
1374 4028 1559 4116 δίκην
1604 4028 1779 4112 πρὸς
1818 4028 2198 4113 παράσιτόν
2229 4054 2364 4095 τινι
