2867 4525
756 255 909 310 ΠΕΡΙ
943 256 1072 313 ΤΟΥ
1106 256 1203 311 ΜΗ
1237 258 1399 310 ΡΑιΔ.
1437 254 1601 310 ΠΙΣΤ.
1637 254 1953 309 ΔῙΑΒΟΛΗι.
2317 255 2443 313 143

272 430 487 496 παντὶ
530 422 768 513 τρόπῳ
813 422 849 495 5
898 423 1146 505 αθλιος
1190 426 1692 515 ἐνηδρευμένος·
1738 420 1774 492 5
1823 413 1974 492 63³*
1928 450 2012 511 ην
2052 425 2240 509 μέν’
2219 423 2330 512 έχῃ
2374 450 2444 492 τι

270 544 577 618 γενναῖον
603 531 717 597 καὶ
749 528 1106 614 ἐλεύθερον
1134 530 1250 596 καὶ
1278 525 1873 617 παρρησιαστικόν,
1905 521 2112 603 εὐθὺς
2140 525 2444 614 ἐξέρρηξε

269 630 394 718 τὴν
437 625 639 719 ὀργὴν
682 633 796 699 καὶ
837 630 957 698 τὸν
984 630 1211 715 θυμὸν
1253 628 1483 714 ἐξέχεε,
1527 631 1639 697 καὶ
1668 629 1859 708 τέλος
1899 625 2022 713 τὴν
2067 616 2443 713 ἀπολογίαν

271 736 718 819 προσιέμενος
761 732 929 819 ἔγνω
970 732 1189 823 μάτην
1242 730 1412 800 κατὰ
1471 732 1590 798 τοῦ
1636 731 1841 819 φίλου
1886 729 2439 816 παρωξυμμένος·

268 840 375 901 24.
427 823 509 924 ἢν
562 833 636 901 δὲ
691 829 1154 922 ἀγεννέστερος
1195 836 1307 903 καὶ
1352 832 1860 918 ταπεινότερος,
1909 837 2269 917 προσίεται
2311 833 2434 917 μὲν
2468 836 2546 893 24

267 940 386 1005 καὶ
429 935 845 1025 προσμειδιᾷ
886 950 1032 1015 τοῖς
1067 935 1360 1018 χείλεσιν
1406 929 1667 1021 ἄκροις,
1712 947 1902 1019 μισεῖ
1942 933 2017 1001 δὲ
2057 937 2170 1003 καὶ
2215 935 2446 1024 λάθρᾳ

266 1036 428 1116 τοὺς
450 1034 733 1116 ὀδόντας
757 1038 1065 1124 διαπρίει
1080 1042 1215 1119 καί,
1247 1032 1340 1115 ὥς
1368 1033 1404 1104 5
1432 1035 1721 1125 ποιητής
1744 1058 1934 1125 φησι,
1961 1037 2445 1123 βυσσοδομεύει

158 1154 251 1205 154
269 1138 393 1227 τὴν
437 1133 657 1227 ὀργήν.
739 1132 818 1208 οὗ
863 1138 941 1229 δὴ
988 1137 1116 1227 έγῶ
1164 1134 1355 1207 οὐδὲν
1400 1134 1596 1224 οἶμαι
1640 1132 2044 1225 ἀδικώτερον
2088 1133 2244 1207 οὖδὲ
2288 1140 2443 1208 δου-

267 1243 832 1327 λοπρεπέστερον,
881 1240 1239 1309 ἐνδακόντα
1268 1240 1347 1309 τὸ
1376 1242 1598 1325 χεῖλος
1638 1235 2051 1330 ὑποτρέφειν
2077 1240 2200 1331 τὴν
2240 1240 2443 1327 χολὴν

263 1345 382 1411 καὶ
446 1342 524 1410 τὸ
592 1356 813 1428 μῖσος.
860 1343 930 1411 ἐν
998 1339 1180 1430 αύτῷ
1244 1342 1719 1412 κατάκλειστον
1787 1339 2009 1422 αὔξειν
2070 1343 2263 1428 ἕτερα
2320 1345 2443 1429 μὲν

263 1445 603 1514 κεύθοντα
648 1444 746 1513 ἐνὶ
792 1452 1054 1532 φρεσίν,
1099 1439 1271 1512 ἄλλα
1318 1445 1391 1512 δὲ
1438 1446 1714 1532 λέγοντα
1758 1448 1870 1513 καὶ
1911 1442 2442 1532 ὑποκρινόμενον

268 1549 486 1634 ἱλαρῷ
527 1550 641 1616 καὶ
669 1549 942 1634 κωμικῷ
970 1550 1069 1635 τῷ
1099 1547 1457 1636 προσώπῳ
1494 1549 1679 1633 μάλα
1722 1550 2091 1633 περιπαθῆ
2133 1572 2286 1614 τινα
2328 1551 2440 1615 καὶ

151 1665 249 1717 155
275 1649 385 1718 ἰοῦ
437 1659 770 1736 γέμουσαν
826 1650 1223 1738 τραγῳδίαν.
1311 1650 1607 1735 μάλιστα
1660 1650 1733 1717 δὲ
1787 1651 1987 1717 τοῦτο
2045 1648 2438 1732 πάσχουσιν,

265 1749 554 1821 ἐπειδὰν
582 1751 804 1821 πάλαι
835 1748 1097 1872 φίλοςοε
1064 1778 1100 1820 ο
1141 1751 1596 1838 ἐνδιαβάλλων
1629 1751 1839 1819 δοκῶν
1871 1747 2044 1820 εἶναι
2087 1754 2187 1840 τῷ
2215 1750 2438 1819 ἐνδια-

260 1855 661 1941 βαλλομένῳ
719 1856 1005 1942 ποιῆται
1049 1873 1269 1938 ομως·
1329 1847 1485 1922 τότε
1524 1853 1680 1941 γαρ
1698 1847 1853 1922 οὐδὲ
1897 1852 2129 1942 φωνὴν
2175 1848 2439 1923 ἀκούειν

263 1955 371 2023 ἔτι
425 1957 712 2023 θέλουσι
766 1958 899 2023 τῶν
960 1955 1503 2041 διαβαλλομένων
1560 1945 1602 2046 ἢ
1664 1959 1798 2023 τῶν
1856 1950 2435 2043 ἀπολογουμένων,

259 2056 342 2125 τὸ
393 2051 794 2136 ἀξιόπιστον
837 2061 955 2146 τῆς
982 2066 1383 2147 κατηγορίας
1427 2058 1498 2126 ἐκ
1539 2062 1658 2147 τῆς
1688 2057 1907 2127 πάλαι
1953 2058 2275 2148 δοκούσης
2319 2083 2437 2146 φι-

265 2160 419 2238 λίας
473 2159 996 2248 προειληφότες,
1052 2154 1206 2228 οὐδὲ
1260 2164 1461 2229 τοῦτο
1521 2161 1969 2249 λογιζόμενοι,
2031 2154 2139 2228 ὅτι
2183 2162 2437 2229 πολλαὶ

147 2278 243 2330 156
263 2263 598 2342 πολλάκις
644 2260 712 2329 ἐν
732 2252 898 2342 ’τοῖς
942 2263 1298 2349 φιλτάτοις
1334 2271 1577 2350 μίσους
1605 2272 2172 2352 παραπίπτουσιν
2217 2263 2438 2333 αἰτίαι

257 2364 420 2444 τοὺς
463 2360 708 2444 ἄλλους
765 2365 1261 2435 λανθάνουσαι·
1317 2371 1430 2436 καὶ
1489 2367 1703 2436 ἐνίοτε
1755 2368 1857 2448 οῖς
1901 2366 2100 2447 αύτός
2142 2391 2248 2445 τις
2291 2367 2436 2436 ενο-

252 2466 378 2551 χός
420 2467 586 2549 ἐστι,
632 2471 826 2536 ταυτὶ
872 2467 1157 2555 φθάσας
1183 2470 1598 2558 κατηγόρησε
1630 2474 1750 2537 τοῦ
1794 2472 2083 2559 πλησίον
2129 2470 2435 2557 ἐκφυγεῖν

258 2594 439 2637 ουτω
496 2593 914 2655 πειρωμενος
966 2569 1087 2658 τὴν
1156 2566 1495 2659 διαβολήν.
1596 2576 1708 2639 καὶ
1774 2564 1950 2649 ὅλως
2006 2570 2252 2653 ἐχθρὸν
2313 2572 2435 2655 μὲν

259 2666 485 2749 οὐδεὶς
536 2697 620 2738 αν
675 2671 1032 2759 τολμήσειε
1085 2673 1466 2757 διαβαλεῖν·
1535 2694 1830 2749 απιστος
1893 2672 2020 2757 γὰρ
2081 2664 2335 2738 αὐτόθι
2392 2666 2435 2758 ἦ

257 2777 630 2862 κατηγορία
685 2772 1025 2862 πρόδηλον
1083 2773 1325 2858 ἔχουσα
1367 2772 1489 2862 τὴν
1544 2773 1801 2841 αἰτίαν·
1854 2786 2000 2849 τοῖς
2045 2771 2318 2841 δοκοῦσι
2364 2772 2436 2838 δὲ

257 2874 558 2960 μάλιστα
626 2876 855 2963 φίλοις
919 2874 1335 2961 ἐπιχειροῦσι
1407 2874 1529 2965 τὴν
1600 2874 1775 2962 πρὸς
1846 2872 2005 2953 τοὺς
2074 2867 2436 2952 ἀκούοντας

259 2972 531 3046 εὔνοιαν
575 2974 887 3065 ἐμφῆναι’
913 2978 1461 3064 προαιρούμενοι,
1508 2970 1615 3046 ὅτι
1650 2976 1768 3045 ἐπὶ
1810 2981 1909 3065 τῷ
1954 2976 2220 3044 ἐκείνων
2265 2998 2434 3060 συμ·

258 3082 541 3166 φέροντι
597 3072 754 3146 οὗδὲ
812 3081 949 3146 τῶν
1009 3079 1439 3149 οἰκειοτάτων
1500 3076 1893 3165 ἀπέσχοντο.
1996 3085 2095 3149 25.
2159 3078 2293 3146 εἰσὶ
2353 3078 2428 3146 δέ
2459 3078 2537 3134 25

255 3204 437 3258 τινες
504 3182 575 3248 οἳ
629 3170 752 3247 κάν
813 3181 1135 3266 μάθωσιν
1181 3176 1486 3270 ,ὕστερον
1560 3177 1806 3263 ἀδίκως
1874 3183 2435 3272 διαβεβλημένους

257 3275 434 3367 παρ’
500 3275 731 3361 αὐτοῖς
783 3281 941 3363 τοὺς
999 3285 1270 3374 φίλους,
1339 3277 1524 3372 ὅμως
1571 3279 1696 3353 ὑπ’
1762 3284 2074 3375 αἰσχύνης
2129 3278 2223 3350 ῶν
2280 3282 2433 3351 ἐπί·

257 3407 549 3453 στευσαν
595 3378 738 3453 οὔδ’
792 3384 892 3453 ἔτι
935 3391 1358 3473 προσίεσθαι
1388 3382 1546 3455 οὐδὲ
1587 3389 2050 3473 προσβλέπειν
2094 3386 2433 3469 τολμῶσιν

260 3485 498 3567 αὐτοῖς
543 3480 775 3572 ῶσπερ
818 3481 1237 3575 ἠδικημένοι,
1295 3482 1403 3557 ὅτι
1444 3490 1652 3579 μηδὲν
1699 3485 2092 3565 ἀδικοῦντας
2137 3485 2431 3570 ἐπέγνω-

256 3614 408 3660 σαν.
498 3594 602 3657 26.
647 3592 999 3675 τοιγαροῦν
1053 3591 1324 3658 πολλῶν
1368 3595 1586 3659 κακῶν
1639 3587 1674 3659 5
1729 3597 1879 3677 βίος
1923 3587 2239 3675 ἐπλήσθη
2284 3581 2419 3652 ὖπό
2458 3594 2536 3650 26

253 3695 395 3761 τῶν
453 3684 631 3760 ούτω
690 3691 942 3780 ῥᾳδίως
997 3694 1109 3759 καὶ
1165 3689 1620 3772 ἀνεξετάστως
1676 3693 2227 3774 πεπιστευμένων
2282 3687 2432 3755 δια-

251 3796 500 3881 βολῶν.
590 3789 630 3882 ἧ
676 3793 799 3878 μὲν
841 3791 970 3880 γὰρ
1002 3788 1279 3861 Ἄντεια

145 3913 236 3965 157
436 3900 766 3984 τεθναίης
794 3898 1071 3983 (φησίν),
1102 3880 1156 3962 ῶ
1186 3891 1459 3980 Προῖτ’,
1490 3884 1533 3983 ἢ
1560 3893 1840 3963 κάκτανε
1868 3893 2427 3982 Βελλεροφόντην,

434 3990 511 4076 ὅς
553 3989 629 4082 μ’
685 3996 919 4064 έθελεν
966 3996 1283 4085 φιλότητι
1324 3997 1684 4085 μιγήμεναι
1728 3991 1843 4066 ούκ
1890 3997 2218 4083 ἐθελούσῃ
