2867 4525
394 247 541 333 ι282
1148 245 1527 300 ΑυΝοΤΑΤιο
1564 245 1834 300 carrica,

413 441 466 482 o.
496 424 596 480 20.
629 413 751 501 ὅρα
794 415 881 499 μή
926 443 1084 484 ποτε
1127 414 1437 501 γράψῃς
1468 415 1505 500 ἢ
1538 414 1936 498 σκεψάμενος
1967 421 2296 500 παρέλθῃς
2328 414 2352 501 fl
2384 443 2484 501 γρ
2506 416 2586 484 ά-

630 541 783 602 ψας
830 522 975 583 Oob.

410 645 466 687 o.
494 630 593 686 21.
622 628 866 703 μελέτω
913 641 1017 690 σοι
1058 620 1198 690 τὸν
1223 620 1431 706 χόρον
1477 620 1642 704 ἔχειν
1687 628 1931 688 οἰκεῖον
1975 620 1998 705 ΙΙ
2048 643 2174 685 om.
2220 620 2365 689 τὸν
2411 623 2583 686 det.

625 764 711 774 —
756 731 887 790 καὶ
929 718 1013 809 ἤν
1055 751 1151 804 τις
1196 723 1424 808 ἐντύχῃ
1459 721 1483 809 ΙΙ
1513 724 1611 787 Sio
1655 726 1952 787 codices
1993 726 2069 786 of.
2116 725 2194 786 ad
2223 727 2328 787 Bis
2357 725 2577 790 Aecus,

625 848 681 890 o.
737 835 788 895 1.

408 950 462 991 o.
492 935 591 992 22.
622 936 754 995 καὶ
798 928 889 1012 ἢν
931 933 1048 1008 μέν
1091 955 1186 1008 τις
1229 937 1446 1008 καλῶς
1491 930 1666 1011 εἴπῃ
1698 927 1724 1010 fl
1755 929 1853 992 Sio
1883 931 2215 992 oodioum
2260 947 2581 992 consensu.

628 1067 707 1078 —-·
752 1028 1063 1114 α’λλότρια
1105 1038 1212 1096 καὶ
1258 1030 1399 1113 οὑχ
1443 1033 1731 1096 ἑαυτοῦ
1776 1029 2177 1096 δεικνύειν
2235 1035 2578 1096 δοκείτω

624 1132 822 1218 Ηούκ
852 1133 1111 1200 αὐτοῦ
1142 1129 1259 1211 (Ω)
1304 1139 1680 1214 δοκείτω,
1725 1154 1848 1197 om.
1895 1130 2375 1199 δεικνύειν
2405 1134 2578 1196 det.

628 1273 709 1282 —
750 1235 831 1320 ἢν
877 1241 942 1302 δὲ
969 1243 1244 1319 μετρίως
1274 1238 1564 1318 ἐνεχθῇ
1591 1233 1610 1320 ΙΙ
1641 1238 1926 1319 ἐνεχθῃ
1958 1236 2374 1299 eiciendum
2405 1237 2573 1303 det.

624 1341 781 1418 quod
822 1341 1066 1402 verbum
1095 1340 1273 1402 facile
1301 1359 1377 1401 ex
1404 1341 1678 1418 praeced.
1724 1327 1808 1422 ἢν
1848 1342 1967 1417 μέν
2010 1365 2105 1418 τις
2149 1347 2366 1417 καλῶς
2397 1341 2579 1421 εἴπῃ

624 1446 885 1523 auppleri
924 1449 1138 1522 potest.

412 1570 460 1606 n.
496 1550 592 1610 23.
624 1541 1042 1610 ἐπιδεικνύειν
1075 1541 1098 1628 ΙΙ
1130 1541 1564 1610 ἐπιδεικνύναι
1607 1541 1660 1604 Β
1705 1578 1782 1590 -
1834 1548 1902 1608 εἰ
1941 1549 2075 1608 καὶ
2120 1595 2133 1608 .
2182 1595 2198 1609 .
2249 1548 2576 1625 δοκοίης

624 1646 640 1730 ΙΙ
683 1645 831 1712 κᾶν
863 1693 877 1709 .
925 1692 940 1707 .
971 1652 1206 1728 δοκῇς
1237 1643 1306 1707 Ω
1336 1683 1422 1692 -
1450 1648 1554 1711 ἐπὶ
1596 1652 1692 1732 τῷ
1735 1647 1979 1732 ἑτέρῳ
2013 1644 2035 1727 ΙΙ
2069 1647 2426 1727 ἑταιρεῖν
2459 1647 2574 1710 Bk.

624 1745 763 1809 Ddf.
809 1781 885 1794 -
937 1750 1230 1813 ἔστωσαν
1275 1750 1351 1813 οὶ
1394 1753 1504 1812 καὶ
1548 1749 1652 1811 ἐπὶ
1689 1742 1905 1833 τούτῳ
1937 1742 2246 1823 συνόντες
2277 1741 2302 1828 ss
2334 1765 2461 1807 om.
2493 1749 2575 1811 οἱ

620 1846 755 1914 ΑΨ
791 1854 951 1911 1324
977 1885 1057 1896 -
1083 1854 1181 1914 εἰ.
1215 1895 1231 1912 .
1263 1846 1608 1931 πάσχοις
1639 1848 1663 1930 ΙΙ
1695 1846 2012 1929 πάσχεις
2043 1845 2112 1910 Ω
2142 1884 2224 1894 -
2254 1847 2332 1915 τὸ
2363 1845 2574 1927 στόμα

624 1976 729 2034 πρ.
776 1948 1093 2018 ἅπαντα
1136 2003 1151 2019 .
1201 2003 1216 2018 .
1266 1955 1582 2034 κεχηνέτω
1616 1949 1640 2034 [Ι
1672 1948 2036 2029 ἅπαντας
2079 1948 2230 2013 ΩΨ

950 2306 1314 2374 LUGIANI
1357 2307 2040 2376 PHILOPSEUDES.

508 2446 636 2506 [Qus.
685 2444 866 2507 Marc.
914 2451 1037 2508 434
1067 2473 1153 2497 =
1180 2442 1249 2507 Ω
1513 2447 1646 2511 Cod.
1699 2446 1820 2510 Vat.
1868 2453 1944 2511 87
1977 2476 2064 2500 ---
2093 2445 2148 2512 ἳῐ
2197 2448 2479 2512 Graeven.

416 2550 552 2610 [issi.
592 2546 857 2611 Enurent.
890 2550 1052 2629 (pars
1082 2552 1343 2631 antiqua)
1374 2578 1457 2601 =
1490 2547 1557 2610 Φ
1679 2551 1813 2613 Cod.
1858 2550 1978 2613 Vae.
2014 2557 2092 2613 90
2127 2579 2208 2603 =
2239 2547 2292 2611 Γ
2324 2550 2570 2631 (Rome)

1000 2650 1072 2712 In
1120 2649 1437 2715 Gorlt'censi
1476 2680 1563 2703 =
1604 2654 1664 2716 A
1707 2670 1826 2715 mm
1871 2664 1968 2715 est.

412 2791 464 2831 (ι.
548 2783 592 2831 1.
628 2777 1130 2851 συγγνωστοὶ
1174 2768 1296 2853 γὰρ
1329 2771 1348 2851 Ι
1386 2769 1854 2854 συγγνώμης
1898 2770 2020 2855 γὰρ
2065 2766 2237 2852 ἄξιοι
2268 2769 2461 2834 ΩΓΦ
2490 2773 2571 2835 of.

624 2895 672 2939 n.
698 2874 899 2936 4.Etsi
928 2880 1237 2952 utrumqne
1269 2881 1360 2937 est
1385 2875 1713 2956 probabile,
1755 2880 1952 2938 tamen
1983 2877 2136 2936 hano
2165 2878 2420 2955 praetuli
2450 2877 2572 2937 loc-

624 2979 837 3039 tionem
862 2982 921 3038 et
940 2979 1241 3039 meliorum
1267 2978 1531 3038 codicum
1563 2981 1909 3039 auctoritate
1940 2983 1999 3038 et
2025 2980 2345 3054 prolixiore
2375 2978 2572 3055 qualis

624 3083 712 3139 est
755 3082 1037 3139 seriorum
1084 3082 1432 3156 scriptorum
1478 3079 1732 3142 dictione
1777 3081 2262 3142 commendatam.
2350 3082 2572 3141 Amant

628 3180 778 3239 enim
820 3185 1051 3239 veteres
1092 3180 1439 3241 brevitatem
1471 3186 1530 3242 et
1557 3183 2009 3262 simplicitatem,
2053 3185 2355 3259 sequiores
2384 3184 2570 3243 abun-

628 3282 881 3340 dantiam
906 3284 965 3341 et
991 3283 1090 3342 vel
1118 3282 1426 3343 luxuriam.
1473 3318 1558 3327 —
1599 3279 1720 3364 τήν
1749 3307 1816 3347 τε
1847 3282 1946 3347 αύ
1960 3289 2109 3348 τοῦ
2136 3280 2353 3365 ψυχὴν
2387 3284 2409 3361 u
2443 3274 2568 3345 αὑ·

624 3389 745 3447 τοῦ
774 3379 841 3442 Φ
868 3383 966 3444 Fr.
997 3417 1081 3427 —
1112 3385 1178 3447 οἳ
1206 3380 1303 3447 αὐ
1315 3381 1403 3447 τὸ
1439 3378 1595 3448 ἄνευ
1626 3390 1738 3466 τῆς
1761 3391 1978 3467 χρείας
2006 3382 2082 3449 τὸ
2112 3389 2353 3465 ψεῦδος
2384 3391 2569 3466 περὶ

624 3493 881 3551 πολλοῦ
922 3492 1054 3567 τῆς
1099 3484 1476 3567 ἀληθείας
1533 3493 1819 3551 τίθενται
1864 3485 1888 3570 [Ι
1933 3485 2120 3552 αύτοὶ
2163 3484 2227 3557 Ἡ
2269 3490 2408 3568 (ipsi
2447 3507 2568 3548 non

624 3587 858 3649 aliunde
879 3589 1135 3668 adducti,
1166 3608 1275 3649 sua
1296 3590 1518 3669 sponte)
1549 3586 1622 3654 τὸ
1640 3608 1708 3669 ψ.
1735 3613 1834 3671 πρ
1851 3587 1887 3654 ὸ
1917 3598 2176 3655 πολλοῦ
2197 3592 2307 3672 [τῆ
2321 3614 2353 3667 ς
2384 3589 2424 3654 α’
2439 3599 2525 3672 λη
2543 3622 2568 3635 -

628 3697 750 3753 θεέ
760 3692 862 3768 ας]
921 3697 1207 3755 τίθενται
1264 3700 1464 3772 mayni
1519 3694 1751 3771 faciunt
1801 3692 1966 3754 det.
2055 3693 2388 3754 Delendum
2447 3696 2568 3754 exi-

624 3793 855 3851 atimavi
895 3800 1006 3873 τῆς
1050 3791 1371 3875 α’ληθείας,
1418 3795 1576 3871 quod
1606 3813 1681 3855 ox
1709 3798 2060 3857 necessitato
2087 3795 2568 3873 praecedentium

624 3894 855 3952 veritati
897 3898 1116 3972 opponi
1144 3895 1511 3956 mendacium
1541 3899 1684 3957 satis
1711 3897 2003 3958 redundat
2030 3944 2045 3960 .
2078 3942 2092 3956 .
2125 3893 2278 3977 πρὸ
2310 3903 2568 3962 πολλοῦ

628 3988 729 4051 *HF
753 4027 838 4035 —
859 3999 979 4058 τίν
994 4019 1075 4072 ος
1098 3994 1353 4075 ἀγαθοῦ
1375 4005 1575 4062 τοῦτο
1607 4005 1912 4063 ποιοῦσιν
1939 4000 2125 4061 Sensu
2148 4000 2383 4076 quidem
2411 3999 2569 4060 idem
