2867 4525
494 317 574 375 56
1397 314 1773 369 ΔΟΥΚΙΔΝΟΥ

492 488 604 553 καὶ
650 485 806 571 ἔργα
850 483 1114 552 παλαιὰ
1156 486 1269 551 καὶ
1316 477 1549 572 λόγους
1583 478 1963 572 ὠφελίμους
1994 480 2110 571 [ἐν]
2143 487 2415 571 μέτροις
2455 509 2672 553 κατα-

493 586 963 672 κοσμήσαντες,
995 582 1088 665 ὥς
1116 587 1373 671 μᾶλλον
1402 586 1895 675 μνημονεύοιεν,
1930 586 2380 672 ῥαψῳδοῦμεν
2415 581 2670 665 αὐτοῖς.

496 689 563 756 οἱ
608 688 680 754 δὲ
724 690 836 753 καὶ
869 681 1220 768 ἀκούοντες
1252 683 1597 777 ἀριστείας
1625 688 1818 767 τινὰς
1851 691 1963 755 καὶ
1994 687 2278 773 πράξεις
2307 682 2670 772 ἀοιδίμους

494 785 844 876 ὀρέγονται
885 787 1054 856 κατὰ
1085 790 1321 876 μικρὸν
1350 793 1465 858 καὶ
1495 789 1670 875 πρὸς
1711 797 1994 879 μίμησιν
2042 789 2527 876 ἐπεγείρονται,
2575 788 2670 869 ὥς

390 921 401 990 3
493 895 607 959 καὶ
653 885 843 958 αὐτοὶ
890 886 1160 979 ᾄδοιντο
1206 896 1318 959 καὶ
1360 886 1823 978 θαυμάζοιντο
1854 889 1990 959 ὑπὸ
2029 896 2162 958 τῶν
2207 885 2505 978 ὕστερον,
2552 892 2669 959 οἶα

390 995 400 1047 3
495 991 719 1061 πολλὰ
743 988 1054 1073 Ἡσίοδός
1081 1018 1155 1061 τε
1184 990 1342 1080 ἡμῖν
1385 999 1501 1063 καὶ
1515 989 1811 1082 Ὅμηρος
1843 992 2194 1081 ἐποίησαν.
2264 993 2546 1062 ἐπειδὰν
2597 996 2670 1062 δὲ

494 1091 930 1183 πλησιάσωσι
974 1093 1147 1180 πρὸς
1190 1097 1309 1185 τὴν
1339 1101 1693 1166 πολιτείαν
1723 1099 1834 1163 καὶ
1868 1096 1980 1184 δέῃ
2016 1090 2260 1175 αὖτοὺς
2303 1093 2428 1186 ἤδη
2462 1122 2672 1181 μετα-

491 1198 913 1285 χειρίζεσθαι
939 1198 1026 1265 τὰ
1054 1199 1243 1265 κοινά
1270 1237 1352 1247 -
1376 1206 1600 1267 καίτοι
1631 1199 1759 1278 ἔξω
1788 1201 1909 1265 τοῦ
1939 1192 2196 1284 ἀγῶνος
2224 1199 2390 1278 ἰ’σως
2420 1203 2667 1265 ταῦτα·
2707 1263 2712 1266 .

496 1294 573 1367 οὗ
617 1299 743 1386 γὰρ
790 1293 980 1377 ὅπως
1024 1298 1145 1377 τὰς
1189 1300 1409 1386 ψυχὰς
1443 1296 1662 1368 αὐτῶν
1694 1295 2044 1382 ἀσκοῦμεν,
2092 1298 2165 1378 ἐξ
2202 1294 2409 1387 ἀρχῆς
2452 1296 2669 1385 προῦ-

494 1427 673 1470 κειτο
720 1402 959 1484 εἰπεῖν,
1007 1398 1179 1468 ἀλλὰ
1212 1397 1301 1469 δι’
1353 1401 1394 1471 ὅ
1421 1429 1488 1470 τι
1520 1417 1664 1479 τοῖς
1693 1401 2032 1479 τοιούτοις
2063 1401 2303 1482 πόνοις
2329 1427 2670 1489 καταγυμ-

496 1503 714 1585 νάζειν
746 1498 989 1582 αὖτοὺς
1021 1498 1335 1588 ἀξιοῦμεν
1369 1498 1544 1572 ὥστε
1582 1499 1785 1584 αὐτὸς
1831 1504 2098 1590 ἐμαυτῷ
2144 1508 2416 1571 σιωπᾶν
2453 1528 2670 1591 προσ-

493 1606 718 1674 τάττω
777 1600 852 1673 οῦ
912 1613 1309 1692 περιμείνας
1359 1606 1477 1674 τὸν
1534 1607 1781 1692 κήρυκα
1826 1601 1983 1673 οὐδὲ
2026 1605 2144 1672 τὸν
2176 1599 2671 1694 Ἀρεοπαγίτην

498 1715 592 1791 σέ,
639 1707 715 1788 ὃς
743 1703 863 1776 ὕπ’
913 1709 1162 1790 αἰδοῦς,
1208 1705 1419 1794 οἶμαι,
1470 1702 1662 1796 ἀνέχῃ
1698 1710 2021 1799 ληροῦντα
2051 1703 2176 1797 ἤδη
2209 1712 2509 1775 τοσαῦτα
2540 1707 2771 1786 ἕξωθθθ
2843 1785 2846 1818 1

496 1816 616 1879 τοῦ
662 1810 1087 1898 πράγματος.

667 1916 980 1980 ΑΝΑΧ.
1049 1911 1226 1978 Εἰπέ
1281 1937 1419 1996 μοι,
1468 1900 1521 1977 ὦ
1567 1910 1829 1994 Σόλων,
1885 1910 2062 2000 πρὸς
2118 1911 2191 1978 δὲ
2237 1911 2315 2001 δὴ
2369 1913 2531 1991 τοὺς
2584 1912 2672 1979 τὰ

497 2009 993 2100 ἀναγκαιότατα
1054 2014 1143 2099 μὴ
1202 2015 1515 2100 λέγοντας
1572 2013 1640 2080 ἐν
1677 2007 1919 2100 Ἀρείῳ
1971 2012 2201 2100 πάγῳ.
2261 2010 2432 2081 ἀλλὰ
2492 2009 2674 2082 ἀπο-

498 2120 920 2198 σιωπῶντας,
969 2110 1160 2183 οὐδὲν
1203 2119 1289 2204 τῇ
1330 2117 1545 2205 βουλῇ
1590 2116 1967 2202 πρόστιμον
2013 2115 2441 2205 ἐπινενόηται
2453 2146 2476 2200 ,·

666 2222 886 2287 ΣΟΛ.
970 2225 1055 2287 Τί
1097 2222 1294 2287 τοῦτο
1339 2213 1503 2308 ἤρου
1548 2243 1666 2303 με,·
1710 2211 1979 2286 οὐδέπω
2024 2217 2150 2306 γὰρ
2198 2219 2416 2305 δῆλον.

665 2325 979 2388 ΑΝΑΧ.
1037 2313 1190 2389 ’Ότι
1232 2321 1316 2387 τὰ
1360 2321 1687 2388 κάλλιστα
1729 2325 1842 2390 καὶ
1888 2322 2037 2406 ἐμοὶ
2092 2315 2378 2389 ἀκοῦσαι
2421 2315 2668 2409 ἥδιστα

497 2426 740 2509 παρεὶς
782 2422 867 2489 τὰ
914 2425 1072 2508 περὶ
1115 2427 1234 2511 τῆς
1276 2426 1495 2511 ψυχῆς
1523 2420 1609 2490 τὰ
1651 2416 1852 2512 ἧττον
1897 2418 2223 2510 ἀναγκαῖα
2254 2426 2471 2510 λέγειν
2516 2424 2667 2492 δια-

499 2529 633 2609 νοῇ,
677 2531 1049 2611 γυμνασίας
1090 2528 1203 2592 καὶ
1251 2525 1689 2615 διαπονήσεις
1732 2528 1867 2592 τῶν
1913 2525 2264 2610 σωμάτων.

667 2631 886 2695 ΣΟΛ.
974 2633 1349 2715 Μέμνημαι
1407 2626 1554 2714 γάρ,
1611 2611 1666 2692 ὦ
1719 2641 2008 2712 γενναῖε,
2076 2630 2212 2694 τῶν
2269 2620 2394 2695 ἀπ’
2465 2625 2668 2717 ἀρχῆς

497 2727 934 2819 προρρήσεων
977 2733 1087 2796 καὶ
1153 2724 1563 2797 ἀποπλανᾶν
1608 2721 1684 2795 οὗ
1728 2728 2063 2813 βούλομαι
2117 2727 2235 2796 τὸν
2281 2728 2515 2814 λόγον,
2573 2728 2670 2817 μή

499 2854 619 2898 σου
652 2829 1025 2919 ἐπιταράξῃ
1058 2830 1178 2920 τὴν
1207 2831 1471 2920 μνήμην
1493 2830 1841 2916 ἐπιρρέων.
1900 2829 2078 2916 πλὴν
2107 2824 2277 2900 ἀλλὰ
2308 2833 2420 2898 καὶ
2451 2834 2670 2898 ταῦτα

499 2931 628 3017 ἐρῶ
676 2931 790 3000 διὰ
833 2937 1167 3017 βραχέων,
1229 2929 1322 3011 ὥς
1385 2931 1531 3000 οἶόν
1574 2951 1680 2999 τε·
1739 2930 1814 2999 τὸ
1860 2930 1987 3018 γὰρ
2034 2927 2301 3018 ἀκριβὲς
2342 2935 2462 3022 τῆς
2504 2936 2668 3052 περὶ

409 3049 485 3104 22
505 3028 726 3101 αὐτῶν
750 3034 1170 3121 διασκέψεως
1199 3034 1427 3120 ἑτέρου
1453 3024 1535 3101 ὃν
1564 3034 1667 3124 ε’ίη
1693 3034 1911 3120 λόγου.
1971 3039 2072 3101 22.
2108 3034 2520 3120 ῥυθμίζομεν
2552 3061 2674 3102 ουν

496 3136 617 3214 τὰς
659 3135 928 3221 γνώμας
972 3130 1193 3202 αὐτῶν
1238 3135 1483 3221 νόμους
1523 3161 1598 3203 τε
1639 3135 1796 3215 τούς
1839 3134 2102 3214 κοινοὺς
2147 3135 2667 3219 ἐκδιδάσκοντες,

498 3241 565 3306 οἳ
610 3238 903 3326 δημοσίᾳ
942 3240 1121 3305 πᾶσι
1149 3237 1545 3322 πρόκεινται
1576 3233 2048 3325 ἀναγινώσκειν
2092 3238 2410 3326 μεγάλοις
2451 3238 2670 3324 γράμ-

495 3363 703 3425 μασιν
748 3335 1334 3425 ἀναγεγραμμένοι,
1380 3339 1755 3418 κελεύοντες
1787 3332 1830 3406 ὅ
1864 3361 1936 3407 τε
1973 3339 2096 3428 χρὴ
2147 3353 2369 3409 ποιεῖν
2412 3343 2528 3409 καὶ.
2572 3334 2670 3409 ὧν

498 3438 899 3526 ἀπέχεσθαι,
933 3442 1044 3506 καὶ
1079 3433 1360 3525 ἀγαθῶν
1391 3435 1652 3527 ἀνδρῶν
1684 3449 2087 3527 συνουσίαις,
2120 3436 2289 3530 παρ’
2327 3436 2421 3509 ὦν
2452 3443 2670 3529 λέγειν

496 3544 582 3610 τὰ
615 3543 853 3609 δέοντα
885 3536 1384 3624 ἐκμανθάνουσι
1412 3546 1526 3611 καὶ
1562 3542 1888 3631 πράττειν
1930 3543 2014 3610 τὰ
2048 3543 2276 3612 δίκαια
2304 3546 2417 3611 καὶ
2449 3543 2520 3611 ἐκ
2546 3548 2672 3612 τοῦ

495 3646 651 3712 ἰ’σου
698 3638 1015 3731 ἀλλήλοις
1058 3640 1683 3730 συμπολιτεύεσθαι
1723 3648 1836 3713 καὶ
1878 3644 1968 3734 μὴ
2018 3644 2348 3733 ἐφίεσθαι
2374 3649 2510 3713 τῶν
2556 3645 2670 3714 αἶ·-

500 3748 712 3831 σχρῶν
756 3748 871 3812 καὶ
915 3739 1283 3831 ὀρέγεσθαι
1325 3750 1463 3815 τῶν
1505 3749 1743 3829 καλῶν,
1787 3753 2016 3833 βίαιον
2048 3746 2121 3813 δὲ
2164 3747 2370 3835 μηδὲν
2414 3761 2666 3817 ποιεῖν.

499 3848 564 3914 οἱ
610 3847 682 3912 δὲ
740 3841 976 3934 ἄνδρες
1031 3840 1218 3915 οὗτοι
1271 3851 1599 3938 σοφισταὶ
1641 3853 1754 3917 καὶ
1814 3846 2188 3936 φιλόσοφοι
2243 3847 2418 3936 πρὸς
2470 3845 2764 3936 ἦμῶν904

497 3942 958 4033 ὀνομάζονται.
1046 3952 1160 4018 καὶ
1216 3954 1451 4034 μέντοι
1504 3954 1616 4019 καὶ
1674 3950 1741 4029 ἐς
1795 3948 1872 4018 τὸ
1919 3955 2214 4035 θέατρον
2267 3949 2665 4037 συνάγοντες

499 4048 741 4130 αὐτοὺς
772 4051 1061 4139 δημοσίᾳ
1090 4051 1503 4137 παιδεύομεν
1531 4048 1664 4119 ὑπὸ
1698 4052 2224 4139 κωμῳδίαις-καὶ
2253 4053 2672 4141 τραγῳδίαις
