2867 4525
378 246 503 305 284
1103 241 1483 296 ADNOTATlo
1521 240 1795 296 CRlTlCA.

378 438 426 482 e.
459 423 549 483 15.
586 413 932 499 συγγνώμη
964 418 1052 480 cf.
1087 437 1140 478 o.
1182 423 1232 478 l.
1268 449 1344 460 —
1377 413 1411 478 ὁ
1449 419 1514 479 δὲ
1544 411 1874 496 τεττάρων
1902 420 2088 490 μνῶν
2133 407 2344 476 πάνυ
2377 427 2548 488 σμι-

590 516 998 601 κρολόγος
1046 516 1152 582 ὢν
1198 523 1518 582 Γλαυκίαν
1565 518 1919 598 ἐπέραστον
1964 511 2289 597 ἐργάζεται
2333 510 2358 596 ΙΙ
2402 509 2549 576 τὸν

589 618 1110 704 μικρολόγον.
1174 624 1269 682 Sio
1305 622 1632 682 rectissime
1663 639 1778 680 om.
1811 615 1906 682 ὤν
1937 620 2098 679 solus
2129 616 2274 678 Cod.
2307 615 2379 679 21.
2439 617 2551 676 Est

595 728 745 786 enim
790 745 907 786 non
952 725 1164 802 Magus
1208 723 1312 785 sed
1358 723 1635 784 Glaucias
1692 723 1869 782 homo
1927 722 2028 781 ille
2087 720 2390 799 sordidus,
2449 721 2551 795 qui

594 831 868 904 quattuor
895 830 1102 905 minas,
1151 826 1440 903 Chryside
1486 825 1742 885 adducta
1784 824 2040 884 sedecim
2088 821 2171 901 (εἰ
2209 819 2394 901 τύχοι
2436 828 2551 902 τῆς

598 927 941 1012 Χρόσιόος)
983 932 1332 1007 promiserat
1374 927 1453 1007 (o.
1494 926 1614 1006 14).

384 1053 435 1094 o.
469 1038 564 1094 16.
595 1029 740 1096 τὸν
786 1034 912 1095 ἐπὶ
954 1026 1274 1095 τούτων
1319 1026 1635 1111 σοφιστήν
1667 1027 1689 1110 ΙΙ
1724 1029 1849 1092 ἐπὶ
1875 1008 2160 1112 ἶούτφ
2193 1027 2246 1090 21
2282 1058 2351 1068 —
2390 1023 2552 1090 α’πο-

596 1137 823 1210 πέμπει
870 1131 1209 1215 α’ρτίους
1241 1130 1263 1214 ΙΙ
1297 1133 1432 1193 add.
1479 1127 1548 1191 Ω
1597 1137 1655 1192 et
1697 1129 1751 1194 21
1792 1128 1930 1212 τὴν
1975 1125 2331 1210 γνώμην,
2388 1127 2550 1204 quod

596 1238 708 1296 nisi
730 1235 1020 1296 haberent
1041 1237 1246 1313 optimi
1275 1235 1511 1295 codices
1538 1236 1837 1312 glossema
1867 1251 1997 1295 esse
2020 1233 2362 1308 iudicaram,
2394 1249 2552 1290 nuno

600 1340 927 1399 aoouratius
958 1337 1345 1413 ponderatum
1386 1355 1506 1397 non
1536 1339 1735 1397 reicio.
1765 1369 1852 1379 -
1882 1338 1939 1398 εἰ
1964 1339 2030 1398 δὲ
2058 1332 2151 1415 μὴ
2184 1339 2552 1412 πεισθείη

600 1438 616 1522 Ι]
660 1438 957 1520 ἀπειθοίη
1000 1434 1126 1501 Ωἳῖ
1169 1473 1255 1483 —-
1299 1435 1555 1503 ἐπειδὰν
1599 1435 1721 1519 γὰρ
1767 1439 2048 1517 ἐπιστῇ
2077 1439 2391 1512 κειμένοις
2420 1441 2557 1499 καὶ

604 1546 820 1624 ἔρηται
854 1539 876 1623 ΙΙ
910 1537 1248 1617 ἐπιστὰς
1292 1535 1557 1619 Qum),
1607 1560 1719 1600 om.
1766 1545 1874 1603 καὶ
1918 1533 2040 1601 ΩἳΙ
2086 1574 2169 1583 -

392 1666 436 1706 o.
480 1654 568 1706 Ιῖ,
608 1652 726 1708 νῖν
772 1648 836 1708 δὲ
870 1641 893 1726 ΙΙ
925 1645 1062 1705 add.
1110 1636 1246 1726 ἤδη
1277 1641 1331 1706 21
1361 1680 1446 1687 —
1474 1649 1580 1706 καὶ
1623 1639 1899 1719 μάλιστα
1943 1643 2440 1722 ἐλευθερίως
2474 1636 2557 1703 τὰ

600 1752 927 1811 ὁρκοῦντα
987 1751 1050 1810 οὶ
1108 1749 1363 1825 λέγοντι
1407 1746 1622 1809 οἴκοι
1667 1743 1856 1827 παρ’
1900 1741 2119 1829 αὐτῷ
2164 1740 2289 1806 ἐπ’
2335 1743 2559 1820 ἐξου-

604 1855 776 1924 σίας
807 1845 830 1930 ΙΙ
862 1853 969 1911 καὶ
1011 1872 1077 1924 μ.
1122 1845 1202 1912 τὰ
1247 1852 1572 1912 δοκοῦντα
1605 1850 1666 1911 οἱ
1698 1849 1952 1926 λε’γοντι
1980 1843 2153 1923 μετ’
2184 1846 2560 1923 ἐξουσίας

600 1952 763 2014 det.
808 1951 1065 2015 οἴκοι
1121 1975 1186 2014 π.
1240 1948 1486 2035 αὐτῷ
1529 1956 1594 2011 ut
1637 1955 1773 2011 sunt
1816 1952 2036 2010 omissa
2078 1952 2140 2008 in
2181 1943 2350 2026 ΩΦ,
2411 1948 2561 2007 nihil

592 2054 826 2115 faciunt
868 2053 943 2113 ad
970 2072 1117 2134 rem,
1163 2054 1546 2135 ἐλευθερίως
1585 2053 1662 2112 ad
1708 2052 2120 2129 explicandum
2165 2049 2286 2114 ἐπ’
2318 2052 2566 2128 (rectius

604 2155 764 2230 μετ’
810 2155 885 2235 ἳΙ)
943 2158 1325 2234 ἐξουσίας
1383 2157 1715 2233 adpositum
1757 2156 2007 2216 videtur.
2094 2156 2340 2215 Restant
2381 2155 2567 2230 igitur

608 2255 682 2323 τὰ
729 2264 1140 2323 δοκοῦντα
1186 2261 1257 2323 οἱ
1301 2261 1625 2338 λέγοντι
1665 2256 1840 2336 μετ’
1886 2259 2277 2336 ἐξουσίας.

396 2382 440 2422 ⁴:
488 2366 572 2418 Ιέι.
608 2367 741 2424 τῶν
772 2371 851 2425 Μ.
902 2363 1098 2442 ἔργον
1140 2361 1211 2424 ἓν
1255 2368 1361 2425 καὶ
1406 2370 1606 2426 τοῦτο
1641 2358 1663 2443 ΙΙ
1697 2382 1824 2422 om.
1868 2361 1940 2425 ἓν
1986 2360 2064 2421 of.
2105 2366 2199 2421 19.
2246 2367 2382 2424 τιῦν
2413 2361 2564 2423 Δαι-

612 2459 811 2526 ὕάλου
843 2459 1255 2543 τεχνημάτων
1287 2467 1412 2525 sine
1445 2464 1516 2528 ἓν
1541 2499 1622 2510 -
1646 2472 1928 2529 Πολυκλ.
1965 2487 2020 2542 γ.
2051 2470 2289 2527 τοῦτο
2323 2464 2563 2543 ἔργον

608 2562 628 2646 l!
681 2573 879 2630 τοῦτο
938 2561 1026 2629 τὸ
1086 2562 1279 2648 ἔργον
1325 2561 1393 2627 Ω
1439 2600 1522 2611 -
1577 2572 1940 2645 φαλαντίαν
1985 2565 2008 2646 ΙΙ
2056 2557 2564 2644 ἀναφαλαντίαν

608 2687 770 2746 „qua
813 2670 944 2730 sola
985 2669 1174 2730 forma
1212 2670 1510 2730 Lucianus
1552 2668 1793 2730 utitur“.
1839 2671 1938 2730 Fr.

400 2794 444 2834 [t.
488 2783 576 2830 121.
612 2774 711 2835 ἐπὶ
754 2769 847 2835 τὰ
892 2768 1064 2850 δεξιὰ
1096 2770 1120 2853 ΙΙ
1152 2792 1267 2833 om.
1296 2769 1378 2836 τὰ
1410 2771 1463 2833 21
1507 2808 1591 2817 --
1635 2773 2126 2853 κεχρυσωμένον
2158 2769 2182 2854 ss
2212 2793 2474 2851 καταχρ.
2508 2770 2564 2832 21

612 2909 691 2919 —
735 2871 997 2939 λούεται
1029 2872 1053 2958 fl
1084 2874 1323 2939 λοῦται
1372 2875 1518 2937 Oob.

400 2999 448 3035 fl,
480 2983 576 3039 ΕΗ.
612 2975 755 3041 ἔστ’
800 2974 882 3042 ἂν
927 2974 965 3041 ὁ
1005 2975 1248 3057 χαλκὸς
1292 2982 1410 3054 μὲν
1451 2973 1712 3057 χαλκὸς,
1757 2974 1834 3041 τὸ
1878 2980 1942 3041 δὲ
1975 2972 2170 3058 ἔργον
2199 2972 2564 3057 Δημήτριος

672 3129 687 3143 .
737 3129 751 3144 .
802 3081 1213 3161 εἰργασμένος
1256 3075 1294 3160 ᾖ
1341 3078 1422 3143 ου’
1474 3076 1853 3155 θεοποιός
1897 3103 1995 3156 τις
2040 3076 2197 3143 ἀλλ’
2242 3076 2565 3159 άνθρω-

616 3176 889 3255 ποποιός
920 3171 1037 3258 ὤν,
1068 3172 1309 3244 οὔποτε
1337 3178 1705 3261 φοβήσομαι
1728 3176 1845 3245 τὸν
1885 3176 2240 3262 ἀνδριάντα
2260 3186 2564 3259 Πελίχου,

616 3279 693 3347 ἓν
733 3279 883 3347 ου’ὁὲ
915 3287 1129 3363 ζῶντα
1155 3326 1171 3343 .
1194 3327 1209 3344 .
1236 3282 1644 3364 ἐδεδίεινΙΙού
1687 3292 1734 3349 θ
1758 3307 1786 3347 ε
1809 3280 1846 3347 ὸ
1872 3308 1903 3360 ς
1947 3308 1996 3348 π
2017 3308 2054 3349 ο
2079 3309 2100 3347 ι
2125 3281 2164 3347 ό
2187 3306 2222 3359 ς
2250 3307 2373 3360 τις
2405 3280 2561 3347 ἀλλ’

616 3380 1085 3468 ἀνθρώπιον
1131 3382 1240 3451 ὢν
1284 3385 1449 3448 det.
1522 3386 1584 3447 Si
1626 3405 1808 3449 voces
1849 3382 2160 3462 θεοποιός
2205 3392 2265 3447 et
2308 3384 2566 3467 ἀνθρω-

616 3482 892 3564 ποποιός
935 3488 1013 3547 ad
1044 3490 1354 3549 simulacra
1399 3488 1640 3549 deorum
1671 3493 1730 3549 et
1761 3488 2058 3549 hominum
2086 3487 2402 3549 referenda
2431 3490 2568 3548 sunt

620 3609 733 3651 non
764 3590 837 3650 ad
870 3591 1014 3652 deos
1044 3590 1427 3667 hominesque
1457 3592 1639 3668 ipsos,
1673 3591 2007 3652 Demetrius
2034 3609 2154 3650 non
2181 3593 2370 3650 minus
2400 3595 2565 3650 reete

616 3688 924 3768 θεοποιός
982 3711 1158 3769 quam
1213 3688 1725 3775 ἅνθρωποποιός
1781 3695 2068 3754 nominari
2122 3697 2373 3770 poterat.
2461 3691 2565 3752 Sin

620 3797 812 3853 autem
854 3789 1007 3870 θεός
1038 3799 1096 3855 et
1125 3786 1480 3877 ἅνθρωπος
1515 3797 1708 3873 ipsam
1737 3814 1939 3856 veram
1970 3796 2211 3856 deorum
2239 3794 2566 3855 hominum-

624 3912 739 3969 que
781 3900 1047 3955 naturam
1094 3896 1395 3977 designat,
1459 3897 1670 3958 artifex
1711 3898 1846 3978 ille,
1897 3901 1998 3975 qui
2039 3898 2272 3959 Peliohi
2313 3902 2564 3958 statuam

624 3995 781 4073 feeit,
820 4013 937 4056 non
968 3996 1166 4056 divina
1196 4002 1405 4058 natura
1434 4000 1735 4076 praeditus
1763 4019 1957 4076 neque
1988 4000 2131 4061 deos
2160 4017 2356 4077 neque
2378 4000 2566 4061 homi·
