2867 4525
2248 241 2350 296 vn

198 415 352 482 lieet
392 414 464 479 in
493 414 575 480 iis
606 411 951 496 eodioibus,
985 413 1097 497 qui
1126 412 1407 478 nondum
1439 412 1658 479 collati
1689 418 1853 497 sunt,
1884 418 2130 479 tantum
2167 434 2352 499 prae·

195 550 352 618 sidii
395 555 716 636 repertum
759 548 859 631 iri,
906 554 977 613 ut
1019 549 1103 614 iis
1146 569 1276 614 non
1318 549 1636 633 possimus
1666 569 1908 617 earere.

373 687 553 767 Quae
600 706 744 752 eum
787 685 880 751 ita
925 686 1074 767 sint,
1134 685 1326 750 etiam
1365 686 1635 770 posthae
1678 653 1879 753 multo
1924 686 2147 754 labore
2190 709 2351 774 opus

198 825 353 908 erit,
409 831 479 890 ut
523 823 798 889 Lueiani
860 820 1146 906 dignitas
1196 829 1261 888 et
1306 821 1608 907 splendor
1647 822 2036 890 restituatur.
2126 824 2353 891 Restat

196 966 417 1027 autem
463 957 637 1045 quod
679 959 1130 1043 gravissimum
1174 963 1302 1042 est,
1357 965 1428 1025 ut
1471 956 1552 1025 de
1594 964 1731 1025 toto
1774 959 1897 1025 hoe
1941 978 2136 1045 opere
2179 959 2352 1046 quod

194 1096 476 1162 Lueiani
521 1096 778 1162 nomine
823 1096 1198 1180 inscriptum
1245 1101 1342 1161 est
1384 1101 1561 1161 reete
1605 1095 1944 1163 iudieetur.
2014 1095 2184 1162 Nam
2225 1118 2353 1165 non

197 1252 425 1298 omnes
467 1232 584 1299 hos
626 1232 775 1316 plus
819 1232 1147 1314 octoginta
1188 1230 1446 1298 libellos
1475 1231 1626 1297 huie
1655 1231 1768 1297 uni
1800 1231 2040 1317 deberi,
2087 1231 2169 1301 de
2198 1255 2352 1301 non-

195 1369 398 1436 nullis
428 1370 569 1436 sine
599 1368 1040 1435 eontroversia
1070 1368 1198 1433 iam
1230 1388 1402 1434 nune
1432 1373 1700 1450 constat,
1747 1367 1828 1433 de
1859 1368 2008 1435 aliis
2037 1389 2165 1435 non
2194 1390 2352 1455 pau-

197 1506 297 1571 ois
342 1505 554 1572 adhue
599 1503 716 1570 sub
762 1502 978 1570 iudiee
1022 1504 1104 1571 lis
1148 1510 1262 1570 est.
1353 1503 1719 1571 Verisimile
1764 1509 1861 1570 est
1903 1504 2129 1589 igitur,
2185 1505 2354 1572 hane

198 1661 504 1723 magnam
551 1639 1070 1726 indigestamque
1115 1640 1344 1706 molem
1391 1645 1720 1723 tamquam
1765 1641 1835 1705 in
1863 1640 2220 1706 litterarum
2252 1643 2354 1708 sui

196 1778 510 1861 temporis
550 1776 893 1843 Hereulem
938 1778 1007 1842 in
1052 1776 1411 1842 Lueianum
1458 1775 1778 1859 collatam,
1824 1775 2092 1860 eiusque
2128 1777 2354 1843 honori

193 1913 444 1979 tributa
486 1914 687 1981 fuisse
732 1934 875 1980 eum
920 1912 1342 1979 deterioribus
1387 1913 1651 1995 optima.

377 2048 631 2132 Operae
673 2051 873 2135 igitur
916 2049 1193 2135 pretium
1238 2054 1352 2131 est,
1400 2048 1746 2132 explieatis
1789 2045 2084 2114 ordinum
2112 2055 2354 2134 tempo-

199 2185 380 2252 ribus
426 2186 776 2270 diligenter
818 2187 1235 2269 investigare,
1282 2183 1602 2270 quomodo
1646 2191 1711 2251 et
1754 2184 2013 2271 quando
2056 2184 2177 2251 hoe
2220 2204 2354 2251 eor-

196 2344 323 2407 pus
386 2330 611 2390 natum
667 2324 781 2407 sit,
850 2328 1204 2389 monstrare
1266 2321 1523 2388 diversa
1579 2322 1938 2388 litterarum
1995 2342 2239 2404 genera
2291 2328 2356 2389 et

199 2466 616 2544 argumenta,
697 2459 998 2545 persequi
1077 2458 1343 2542 linguae
1421 2456 1901 2524 vicissitudines
1977 2478 2354 2542 progressus

200 2615 551 2680 regressus,
597 2596 889 2680 inprimis
921 2594 1156 2661 Graeci
1202 2601 1266 2661 et
1295 2594 1572 2660 Romani
1602 2592 1757 2676 quid
1786 2594 1952 2659 inter
1980 2614 2051 2660 se
2080 2597 2353 2660 mutuati

200 2733 364 2814 sint,
433 2731 744 2818 quiequid
806 2731 894 2799 ad
944 2731 1324 2815 religionem
1381 2729 1469 2796 ad
1526 2731 1725 2795 vitam
1785 2735 1850 2795 et
1906 2729 2230 2814 publicam
2290 2736 2354 2796 et

199 2867 528 2953 privatam
571 2870 851 2953 pertinet
894 2869 1166 2955 aperire,
1213 2869 1543 2952 unitisque
1589 2866 1691 2933 his
1720 2864 1950 2932 studiis
1980 2865 2352 2950 aliquando,

202 3004 673 3088 modernae,
719 3012 789 3071 ut
819 3005 939 3071 hoe
968 3025 1133 3071 novo
1167 3003 1534 3070 Cassiodori
1565 3002 1879 3069 vocabulo
1913 3008 2074 3085 utar,
2110 3001 2351 3069 Grae-

202 3161 239 3207 e
257 3141 326 3205 it
339 3146 416 3206 at
433 3140 502 3207 is
544 3140 915 3207 thesaurum
960 3142 1343 3208 instaurare.

618 3344 754 3412 Sor.
801 3345 1236 3412 Vratislaviae

351 3461 414 3514 D.
451 3461 521 3515 ΙΙ.
559 3477 631 3517 m.
669 3461 886 3533 Septbr.
924 3478 975 3518 a.
1012 3460 1455 3517 MDcccxclx.

1493 3751 1736 3819 Julius
1782 3748 2353 3851 Sommerbrodt.
