2867 4525
462 287 543 345 66
1365 324 1373 330 -
1398 285 1773 340 ΛΟΥΚΙΑΝΟΥ

458 461 698 544 γυμνοὶ
752 460 865 525 καὶ
923 450 1148 538 αῦτοί,
1207 452 1357 543 ἄχρι
1411 445 1492 522 ἀν
1538 453 1872 539 ἐκβάλωσι
1913 460 2033 523 τοῦ
2077 459 2637 544 περιγράμματος

463 558 539 627 τὸ
603 558 825 644 ἕτερον
880 557 1221 643 σύνταγμα
1279 558 1345 624 οἱ
1392 557 1638 641 ἕτεροι,
1697 556 1855 635 τοῦς
1904 560 2073 625 κατὰ
2116 562 2515 645 Λυκοῦργον
2564 561 2636 627 οἱ

464 655 620 729 καθ’
666 657 990 744 Ἡρακλέα
1031 649 1075 744 ἢ
1116 660 1444 744 ἔμπαλιν,
1503 663 1967 737 συνωθοῦντες
2012 660 2079 739 ἐς
2121 660 2196 728 τὸ
2245 661 2458 747 ὕδωρ·
2548 660 2629 728 τὸ

465 762 593 850 γὰρ
640 759 780 830 ἀπὸ
828 762 1065 829 τούτου
1106 761 1326 851 εἰρήνη
1359 760 1651 850 [λοιπὸν]
1683 765 1795 830 καὶ
1828 756 2047 842 οὐδεὶς
2077 753 2158 831 ἀν
2191 763 2291 832 ἔτι
2320 770 2633 830 παίσειε·

465 865 766 949 μάλιστα
811 864 883 930 δὲ
928 854 1007 949 ἢν
1054 860 1216 953 ὁρᾷς
1258 869 1829 950 μαστιγουμένους
1873 859 2115 943 αὐτοὺς
2145 864 2262 933 ἐπὶ
2291 868 2390 951 τῷ
2416 868 2637 952 βωμῷ

469 970 582 1035 καὶ
629 966 864 1050 αἵματι
910 967 1278 1053 ῥεομένους,
1325 971 1626 1051 πατέρας
1672 967 1745 1032 δὲ
1789 970 1903 1035 καὶ
1944 972 2234 1055 μητέρας
2273 968 2637 1050 παρεστώ-

470 1093 596 1148 σας
654 1063 770 1151 ούχ
828 1061 1019 1146 ὅπως
1081 1062 1456 1153 ἀνιωμένας
1503 1063 1634 1136 ἐπὶΙ
1662 1083 1806 1148 τοῖς
1848 1074 2261 1156 γιγνομένοις
2305 1069 2476 1136 ἀλλὰ
2521 1075 2640 1139 καὶ

471 1164 912 1252 ἀπειλούσας,
975 1170 1035 1238 εἰ
1088 1169 1177 1260 μὴ
1226 1164 1561 1254 ἀντέχοιεν
1605 1169 1782 1255 πρὸς
1825 1171 1948 1249 τὰς
1992 1170 2281 1260 πληγάς,
2339 1175 2453 1240 καὶ
2502 1174 2640 1240 ἱκε-

468 1272 791 1351 τευούσας
856 1271 971 1339 ἐπὶ
1038 1271 1359 1360 μήκιστον
1427 1273 1776 1360 διαρκέσαι
1840 1272 2016 1361 πρὸς
2073 1272 2192 1339 τὸν
2248 1274 2465 1341 πόνον
2525 1278 2641 1355 καὶ

473 1368 948 1465 ἐγκαρτερῆσαι
1004 1389 1148 1453 τοῖς
1209 1376 1474 1455 δεινοῖς.
1563 1378 1809 1444 πολλοὶ
1852 1380 2009 1463 γοῦν
2052 1379 2163 1444 καὶ
2210 1375 2642 1445 ἐναπέθανον

470 1483 570 1567 τῷ
643 1472 853 1566 ἀγῶνι
926 1476 1014 1563 μὴ
1087 1471 1497 1557 ἀξιώσαντες
1566 1473 2030 1566 ἀπαγορεῦσαι
2099 1477 2335 1558 ζῶντες
2402 1479 2503 1547 ἔτι
2572 1479 2642 1548 ἐν

467 1576 864 1671 οφθαλμοῖς
915 1606 1046 1647 των
1093 1579 1353 1648 οἰκείων
1396 1581 1566 1669 μηδὲ
1612 1578 1785 1660 εἶξαι
1827 1595 1970 1658 τοῖς
2015 1579 2342 1663 σώμασιν,
2391 1607 2483 1648 ων
2527 1585 2643 1649 καὶ

470 1685 628 1763 τους
674 1681 1078 1769 ἀνδριάντας
1123 1679 1288 1767 οψει
1318 1688 1733 1767 τιμωμένους
1765 1679 2120 1771 δημοσίᾳ(
2086 1680 2222 1749 υπὸ
2255 1687 2373 1772 τῆς
2404 1684 2646 1771 Σπάρ-

471 1811 617 1874 της
636 1780 1165 1864 ἀνασταθέντας
1250 1778 1411 1854 όταν
1455 1791 1680 1852 τοίνυν
1726 1781 1890 1874 ὅρᾷς
1933 1778 2219 1865 κάκεῖνα,
2264 1785 2435 1875 μήτε
2473 1793 2644 1872 μαί-

475 1894 723 1956 νεσθαι
763 1885 1113 1976 ὑπολάβῃς
1160 1881 1401 1966 αύτούς
1444 1888 1613 1974 μήτε
1659 1887 1886 1975 ε’ίπῃς,
1946 1883 2039 1965 ὦς
2084 1883 2473 1972 οὐδεμιᾶς(
2449 1889 2640 1955 ε’νεκα

463 1989 698 2068 αἰτίας
745 1986 1109 2075 ἀναγκαίας
1145 1991 1658 2074 ταλαιπωροῦσι
1687 1989 1854 2079 μήτε
1884 1989 2205 2076 τυράννου
2235 1989 2640 2074 βιαζομένου

473 2089 639 2180 μήτε
691 2093 1033 2175 πολεμίων
1080 2084 1255 2158 σῧτω
1302 2092 1779 2159 διατιθέντων·
1848 2092 2035 2160 ε’ίποι
2077 2091 2204 2179 γὰρ
2253 2088 2332 2160 ἀν
2373 2117 2486 2161 σοι
2523 2096 2742 2161 καὶ920

470 2190 645 2281 ὑπὲρ
704 2194 969 2261 ἐκείνων
1013 2197 1405 2281 Λυκοῦργος
1463 2190 1497 2261 ό
1559 2200 1934 2285 νομοθέτης
1995 2189 2210 2263 αὐτῶν
2265 2194 2490 2264 πολλὰ
2549 2196 2641 2263 τοὶ

476 2294 714 2385 εὔλογα
778 2300 890 2363 καὶ
954 2295 996 2362 ἃ
1056 2296 1340 2364 συνιδών
1397 2296 1664 2377 κολάζει
1722 2297 1996 2379 αὐτούς,
2068 2292 2184 2364 οὒκ
2240 2296 2487 2384 ἐχθρὸς
2544 2288 2645 2366 ὢν

479 2394 632 2467 οῦδὲ
689 2396 824 2466 ὑπὸ
883 2404 1124 2482 μίσους
1181 2392 1339 2465 αὗτὸ
1402 2400 1578 2484 δρῶν
1624 2397 1777 2466 οὐδὲ
1821 2398 1940 2487 τὴν
1985 2402 2297 2467 νεολαίαν
2341 2404 2462 2485 τῆς
2507 2400 2644 2467 πό-

480 2504 646 2580 λεως
682 2501 832 2588 εἰκῆ
878 2502 1414 2586 παραναλίσκων,
1464 2495 1633 2567 ἀλλὰ
1679 2500 2286 2586 καρτερικωτάτους
2318 2505 2431 2569 καὶ
2463 2528 2645 2571 παν-

462 2603 594 2683 ·τὸς
641 2604 861 2670 δεινοῦ
902 2609 1283 2689 κρείττονας
1330 2598 1536 2682 ἀξιῶν
1581 2600 1755 2671 εἶναι
1796 2603 1952 2682 τοὺς
1997 2603 2231 2684 σώζειν
2268 2605 2646 2688 μέλλοντας

477 2705 597 2792 τὴν
653 2706 973 2790 πατρίδα.
1059 2711 1280 2773 καίτοι
1337 2709 1449 2773 καὶ
1512 2694 1592 2771 ἀν
1635 2704 1723 2791 μὴ
1777 2701 1810 2771 o‘
1857 2709 2253 2792 Λυκοῦργος
2304 2706 2488 2795 ε’ίπῃ,
2539 2706 2645 2775 ἐν-

479 2821 672 2890 νοεῖς,
721 2804 930 2893 οἶμαι,
974 2810 1086 2875 καὶ
1121 2801 1321 2886 αὐτὸς
1366 2804 1459 2886 ὥς
1505 2805 1620 2874 οὐκ
1667 2802 1745 2873 ἀν
1789 2833 1961 2874 ποτε
2009 2810 2301 2896 ληφθεὶς
2345 2805 2380 2876 ὁ
2414 2813 2646 2877 τοιοῦ-

478 2935 595 2989 τος
680 2909 748 2977 ἐν
834 2912 1112 2997 πολέμῳ
1189 2906 1573 2998 ἀπόρρητόν
1646 2936 1714 2977 τι
1800 2909 2059 2988 ἐξείποι
2131 2914 2249 2999 τῆς
2322 2910 2646 2999 Σπάρτης

483 3011 913 3095 αἰκιζομένων
962 3015 1096 3078 τῶν
1140 3010 1433 3098 ἐχθρῶν,
1492 3005 1661 3077 ἀλλὰ
1707 3015 2081 3099 καταγελῶν
2130 3007 2347 3079 αὐτῶν
2390 3038 2643 3097 μαστι-

480 3127 664 3201 γοῖτο
724 3103 804 3178 ἀν
870 3108 1330 3196 ἁμιλλώμενος
1382 3111 1558 3195 πρὸς
1612 3112 1729 3183 τὸν
1774 3122 2095 3198 παίοντα,
2164 3111 2258 3192 ὥς
2312 3115 2646 3200 πρότερος

484 3208 1023 3302 ἀπαγορεύσειεν.

397 3330 473 3387 39
657 3322 758 3386 39.
802 3320 1115 3385 ANAX.
1199 3313 1270 3385 Ὁ
1313 3321 1708 3406 Λυκοῦργος
1752 3320 1824 3385 δὲ
1867 3321 1978 3386 καὶ
2024 3312 2240 3400 αύτός,
2288 3345 2341 3384 ω
2388 3318 2642 3402 Σόλων,

485 3420 923 3506 ἐμαστιγοῦτο
993 3412 1093 3506 ἐφ’
1165 3415 1461 3508 ἡλικίας,
1530 3410 1571 3510 ἢ
1638 3419 2108 3508 ἐκπρόθεσμος
2171 3410 2262 3487 ὧν
2330 3416 2457 3510 ἤδη
2525 3423 2644 3487 τοῦ

485 3517 740 3610 ἀγῶνος
783 3515 1107 3611 ἀσφαλῶς
1150 3520 1235 3587 τὰ
1280 3527 1564 3590 τοιαῦτα
1610 3522 2107 3605 ἐνεανιεύσατος

654 3628 874 3692 ΣΟΛ.
963 3625 1354 3714 Πρεσβύτης
1410 3621 1536 3713 ἤδη
1594 3653 1686 3693 ων
1731 3626 1984 3712 ε’γραψε
2029 3624 2186 3702 τοὺς
2232 3624 2478 3708 νόμους
2526 3623 2642 3689 αύ-

485 3742 628 3806 τοῑς
674 3726 1029 3814 Κρήτηθεν
1074 3725 1513 3813 ἀφικόμενος·
1592 3721 2086 3816 ἀποδεδημήκει
2132 3726 2204 3792 δὲ
2250 3724 2440 3810 παρὰ
2485 3722 2643 3802 τοῦς

488 3833 787 3917 Κρῆτας,
863 3827 972 3895 ὅτι
1032 3824 1265 3914 ήκουεν
1330 3823 1830 3913 εὐνομωτάτους
1894 3825 2097 3911 εἶναι,
2171 3833 2459 3905 Μίνωος
2521 3828 2644 3892 τοῦ

488 3928 658 4008 Διὸς
703 3930 1285 4015 νομοθετήσαντος
1331 3928 1398 3996 ἐν
1448 3925 1692 4008 αὐτοῖς.

638 4034 948 4099 ΑΝΑΧ.
1046 4037 1131 4099 Τί
1185 4018 1332 4116 οῦν,
1390 4017 1448 4097 αἶ
1500 4031 1761 4112 Σόλων,
1823 4026 1962 4116 ούχὶ
2022 4035 2133 4100 καὶ
2196 4030 2275 4098 σὺ
2335 4025 2641 4118 ἐμιμήσω
