2867 4525
941 327 1245 380 ΡΗΤΟΡΩΝ
1281 328 1426 379 ΔΙΔΑ
1434 327 1710 381 ΣΚΑΛΟΣ.
2333 330 2409 388 79

169 514 232 563 13
253 500 704 584 περίβλεπτος
760 503 902 577 καί,
971 493 1064 574 ὥς
1119 492 1431 581 ὀνομάζει
1490 492 1719 579 αὑτός,
1776 498 2093 582 βασιλεὺς
2149 499 2216 566 ἐν
2271 514 2442 579 τοῖς·

251 603 476 688 λόγοις
520 592 809 688 ἀπονητὶ
840 594 1221 688 καταστήσῃ
1266 598 1351 665 τὰ
1394 603 1756 683 τέθριππα
1801 600 2093 667 ἐλαύνων
2137 605 2254 668 τοῦ
2300 602 2414 668 λό-

248 721 396 788 γου·
451 694 797 778 διδάξεται
838 700 966 786 γάρ
1014 724 1090 767 σε
1133 698 1549 787 παραλαβών
1593 700 1677 766 τὰ
1728 705 1968 789 πρῶτα
2012 703 2132 787 μὲν
2178 703 2411 771 ἐκεῖνα.

256 810 355 872 12.
400 804 655 887 μᾶλλον
702 802 774 869 δὲ
821 796 1022 881 αὑτὸς
1067 803 1328 869 εἰπάτω
1380 802 1557 891 πρὸς
1613 808 1718 869 σέ·
1770 806 2030 889 γελοῖον
2074 807 2193 891 γὰρ
2239 801 2408 892 ὑπὲρ
2444 822 2516 878 12

249 899 561 972 τοιούτου
609 904 887 992 ῥήτορος
920 903 1034 989 ἐμὲ
1065 911 1430 973 ποιεῖσθαι
1463 904 1619 984 τοὺς
1662 905 1896 992 λόγους
1942 909 2198 995 φαῦλον
2242 904 2415 975 ὑπο-

248 1006 480 1095 κριτὴν
535 1006 705 1084 ἰ’σως
760 1010 895 1073 τῶν
950 1007 1274 1073 τοιούτων
1317 1011 1429 1074 καὶ
1475 1007 1908 1095 τηλικούτων,
1968 1007 2056 1099 μὴ
2103 1013 2215 1076 καὶ
2262 1033 2416 1077 συν-

250 1116 482 1194 τρίψω
526 1133 662 1175 που
707 1107 938 1175 πεσών
966 1108 1083 1176 τὸν
1111 1108 1301 1196 ἥρωα
1339 1107 1416 1176 ὃν
1445 1105 1914 1196 ὑποκρίνομαι.
1989 1117 2158 1199 φαίη
2190 1136 2418 1198 τοιγα-

255 1215 418 1297 ροῦν
476 1201 553 1277 ἂν
610 1210 783 1296 πρὸς
852 1212 926 1278 σὲ
982 1205 1116 1278 ὧδέ
1170 1235 1319 1288 πως
1385 1209 1938 1294 ἐπισπασάμενος
2001 1208 2260 1281 ὁπόσον
2318 1212 2418 1281 ἔτι

252 1311 502 1381 λοιπὸν
554 1317 675 1399 τῆς
732 1312 940 1402 κόμης
995 1317 1105 1382 καὶ
1147 1309 1646 1397 ὑπομειδιάσας
1700 1313 1775 1380 τὸ
1821 1313 2163 1403 γλαφυρὸν
2208 1314 2415 1383 ἐκεῖνο

248 1418 369 1483 καὶ
416 1411 685 1482 ἆπαλὸν
729 1414 873 1482 οῖον
905 1416 1171 1497 εἴωθεν,
1214 1414 1634 1482 Αὐτοθαΐδα
1664 1415 1783 1506 τὴν
1813 1417 2105 1502 κωμικὴν
2139 1407 2182 1505 ἢ
2213 1419 2417 1483 Μαλ-

248 1518 478 1604 θάκην
543 1508 584 1603 ἢ
643 1519 973 1604 Γλυκέραν
1026 1516 1177 1586 τινὰ
1243 1517 1703 1605 μιμησάμενος
1764 1522 1860 1604 τῷ
1919 1533 2245 1606 προσηνεῖ
2298 1522 2418 1585 τοῦ

254 1624 685 1709 φθέγματος·
735 1615 1042 1706 ὄὲγροικον
1069 1618 1195 1707 γὰρ
1225 1619 1302 1686 τὸ
1338 1615 1732 1707 ἀρρενωπὸν
1765 1623 1877 1686 καὶ
1923 1614 1996 1686 οἱ
2043 1624 2163 1686 τοῦ
2208 1615 2418 1703 ἆβροῦ

249 1725 367 1790 καὶ
414 1720 735 1806 ἐρασμίου
781 1722 1079 1809 ῥήτορος.
1162 1728 1260 1790 13.
1308 1722 1515 1809 φήσει
1555 1728 1777 1790 τοίνυν
1824 1721 2003 1788 πάνυ
2046 1720 2416 1808 μετριάζων
2450 1737 2521 1793 13

251 1821 429 1953 ὑπὲρ
479 1819 713 1891 αὑτοῦ·
789 1828 966 1890 Μων
997 1848 1091 1905 σε,
1138 1810 1386 1909 ωγαθέ,
1434 1819 1469 1890 5
1502 1822 1777 1901 Πύθιος
1808 1823 2113 1909 ’ἐπεμψεν
2153 1817 2265 1890 ἐπ>
2304 1822 2419 1908 ἐμὲ

181 1945 238 1994 14
259 1926 559 2015 ῥητόρων
614 1925 733 1991 τὸν
791 1920 1064 2011 άριστον
1123 1926 1549 2013 προσειπών,
1605 1919 1834 2011 ω’σπερ
1892 1918 2005 1993 ότε
2047 1930 2418 2048 Χαιρεφῶν

264 2024 456 2114 ἤρετο
507 2025 726 2107 αὐτόν,
775 2020 1090 2105 ἔδειξεν
1065 2021 1252 2105 όστις
1288 2055 1368 2117 ην
1414 2026 1448 2095 5
1499 2021 1890 2116 σοφώτατος
1936 2028 2003 2095 ἐν
2047 2043 2190 2107 τοῖς
2231 2029 2422 2113 τότες

269 2130 330 2196 ει
381 2130 456 2197 δὲ
510 2128 596 2214 μὴ
659 2133 885 2211 τοῦτο,
957 2123 1124 2195 ἆλλὰ
1190 2130 1360 2196 κατὰ
1415 2133 1606 2210 κλέος
1673 2126 1872 2209 αὑτὸς
1927 2124 2105 2219 ήκεις
2165 2126 2419 2199 ακούων

265 2229 587 2301 ἁπάντων
642 2229 1373 2320 ὑπερεκπεπληγμένων
1414 2234 1500 2300 τὰ
1559 2229 1847 2321 ἡμέτερα
1888 2238 1998 2302 καὶ
2044 2230 2420 2319 ὑμνούντων

261 2339 374 2404 καὶ
421 2334 826 2423 τεθηπότων
869 2337 980 2401 καὶ
1025 2330 1527 2423 ὑπεπτηχότων,
1577 2329 1810 2403 αὗτίκα
1843 2336 2027 2421 μάλα
2059 2335 2203 2423 ε’ίσῃ
2250 2334 2423 2421 πρὸς

257 2437 409 2506 οἶόν
452 2463 602 2504 τινα
649 2436 997 2519 δαιμόνιον
1045 2432 1255 2521 ανδρα
1307 2429 1505 2524 ήκεις
1596 2435 2059 2526 προσδοκήσῃς
2104 2437 2176 2504 δὲ
2219 2438 2427 2565 μηδὲν

258 2564 567 2606 τοιουτον
611 2535 922 2624 ὄψεσθαι
966 2537 1109 2604 οἷον
1152 2528 1394 2625 τῷδε>
1368 2529 1409 2625 ή
1457 2539 1631 2624 τῷδε
1675 2542 2110 2665 παραβαλεῖν,
2159 2534 2307 2606 ἀλλ’
2361 2539 2427 2607 εἴ

258 2666 372 2718 τις
423 2669 461 2728 η
516 2640 756 2719 Τιτυὸς
811 2630 854 2728 ἢ
896 2626 1081 2717 Ὦτος
1140 2666 1178 2726 η
1226 2634 1613 2728 Ἐφιάλτης,
1672 2637 1843 2726 ὑπὲρ
1902 2641 2187 2720 ἐκείνους
2247 2640 2421 2708 πολὺ

260 2749 583 2832 φανεῖταί
639 2766 750 2809 σοι
804 2741 882 2807 τὸ
942 2766 1220 2827 πραγμα
1276 2737 1619 2827 ὑπερφυὲς
1673 2744 1784 2808 καὶ
1829 2742 2212 2826 τεράστιον·
2273 2741 2421 2810 ἐπεὶ

256 2843 421 2923 τούς
461 2870 535 2931 γε
579 2842 821 2921 αλλους
864 2847 1185 2910 τοσοῦτον
1229 2839 1759 2930 ὑπερφωνοῦντα
1795 2840 2095 2933 εὑρήσεις
2126 2839 2422 2911 ὃπόσουν

260 2944 302 3037 ἡ
353 2942 647 3033 σάλπιγξ
687 2944 843 3023 τοὺς
889 2940 1131 3024 αὐλοὺς
1174 2948 1285 3012 καὶ
1337 2946 1402 3012 οἱ
1459 2951 1749 3031 τέττιγες
1790 2945 1913 3025 τὰς
1954 2949 2269 3031 μελίττας
2310 2950 2421 3013 καὶ

263 3051 334 3116 οι
374 3052 563 3136 χοροὶ
620 3047 778 3125 τους
835 3047 1234 3126 ἐνδιδόντας.
1327 3055 1426 3114 14.
1476 3046 1627 3115 ἐπεὶ
1674 3048 1745 3114 δὲ
1799 3051 1909 3115 καὶ
1956 3048 2174 3178 ῥήτωρ
2222 3044 2421 3128 αὐτὸς
2454 3065 2525 3120 14

266 3151 532 3229 ἐθέλεις
573 3154 893 3236 γενέσθαι
936 3151 1047 3216 καὶ
1091 3154 1288 3217 τοῦτο
1336 3145 1453 3216 οὐκ
1498 3140 1578 3215 οἷν
1619 3144 1784 3233 παρ’
1838 3147 2040 3218 αλλου
2087 3153 2249 3242 ῥᾷον
2292 3152 2423 3237 μά-

262 3260 447 3335 θοις,
497 3252 663 3320 ε’που
693 3251 917 3335 μόνον,
966 3278 1017 3316 ω
1048 3254 1328 3342 μέλημα,
1377 3242 1541 3330 οἷς
1512 3278 1592 3318 αν
1625 3253 1799 3318 ε’ίπω
1830 3257 1941 3320 καὶ
1974 3253 2167 3340 ζήλου
2197 3255 2424 3321 πάντα

263 3360 379 3423 καὶ
436 3354 593 3433 τοὺς
652 3353 924 3438 νόμους,
986 3344 1162 3431 οἷς
1134 3381 1214 3420 αν
1260 3352 1559 3431 ἐπιτάξω
1612 3358 1928 3442 χρῆσθαι,
1976 3350 2263 3442 ἀκριβῶς
2306 3382 2424 3440 μοι

182 3472 242 3521 15
264 3457 773 3545 παραφύλαττε.
859 3458 1113 3541 μᾶλλον
1172 3456 1243 3522 δὲ
1301 3453 1426 3544 ηδη
1488 3456 1821 3542 προχώρει
1877 3457 2082 3544 μηδὲν
2142 3451 2425 3543 ὀκνήσας

265 3560 436 3649 μηδὲ
494 3564 858 3647 πτοηθείς,
920 3557 979 3623 εἰ
1035 3556 1123 3646 μὴ
1184 3562 1684 3646 προετελέσθης
1742 3556 1956 3625 ἐκεῖνα
1998 3557 2082 3622 τὰ
2128 3557 2260 3643 πρὸ
2307 3562 2425 3646 τῆς

269 3663 649 3750 ῥητορικῆς,
709 3656 934 3727 ὁπόσα
991 3655 1031 3747 ἦ
1081 3657 1243 3747 ἄλλη
1302 3661 1723 3743 προπαιδεία
1774 3672 1917 3737 τοῖς
1962 3653 2271 3746 ἀνοήτοις
2313 3662 2459 3728 καὶ’

268 3771 588 3850 ματαίοις
617 3760 786 3845 μετὰ
816 3763 1073 3828 πολλοῦ
1100 3762 1395 3846 καμάτου
1427 3758 1740 3828 ὁδοποιεῖ
1752 3780 1768 3796 ·
1815 3754 2004 3826 οὐδὲν
2033 3759 2158 3847 γὰρ
2206 3755 2425 3830 αὐτῶν

272 3866 517 3952 δεήσει.
567 3858 711 3930 ἀλλ’
743 3858 1056 3944 ἆνίπτοις
1079 3868 1284 3932 ποσὶν
1315 3891 1437 3948 -η
1412 3860 1790 3949 παροιμία
1811 3870 2115 3951 φησίν-
2132 3862 2422 3950 ἔμβαινε,

273 3964 350 4036 05
382 3981 573 4053 μεῖον
605 3965 767 4044 ἕξων
799 3966 911 4033 διὰ
941 3971 1158 4048 τοῦτο,
1207 3960 1346 4032 055²
1387 3961 1486 4047 άν,
1525 3965 1600 4033 τὸ
1634 3965 2042 4053 καινότατον,
2073 3967 2241 4054 μηδὲ
2269 3968 2424 4054 γρά·

271 4096 430 4160 φειν
459 4067 543 4134 τὰ
573 4068 929 4153 γράμματα
960 4069 1173 4157 εἰδῇς·
1214 4062 1376 4134 αλλο
1406 4067 1531 4155 γάρ
1562 4096 1630 4136 τι
1660 4067 1846 4155 παρὰ
1875 4072 2086 4136 ταῦτα
2117 4064 2151 4133 5
2187 4063 2423 4155 ῥήτωρ.
