2867 4525
15 3725 18 3740 Γ

15 3843 38 3868 Γ.

75 4055 90 4064 ,,

14 3869 210 4144 Lm·

213 4145 220 4152 .

237 4157 248 4168 f

263 4183 276 4204 ξ
291 4193 294 4194 ι

283 4215 296 4230 Η

425 266 549 326 280

433 763 488 806 c.
559 748 610 808 8.

435 866 488 908 c.
559 853 618 909 9.

452 2811 505 2853 c.
540 2797 634 2852 10.

455 3729 501 3775 c.
537 3716 633 3770 14.

1175 261 1554 316 ADNOTATlo
1591 259 1860 314 CRITICA.

638 444 762 503 τοῦ
806 444 1130 514 ποταμίου
1164 433 1187 519 ΙΙ
1221 432 1686 512 ἱπποποτάμου
1730 429 1798 494 Ω
1831 468 1916 478 -
1943 440 2204 518 μικρῷ
2248 429 2608 513 πρόσθεν

640 536 661 623 fl
699 536 995 621 μικρὸν
1050 537 1518 620 ἔμπροσθεν
1562 536 1728 598 det.
1780 540 1847 595 ut
1887 535 2015 597 fere
2059 553 2294 613 semper
2342 536 2611 617 (μικρὸν

652 638 941 723 πρόσθεν
985 638 1085 714 Ψ)
1130 637 1366 722 μικρὸν
1408 636 1708 720 ὕστερον.

649 741 975 824 ὁποτέραν
1019 744 1489 824 τραπητὲον
1522 739 1545 821 ΙΙ
1577 736 1832 821 τράπῃ
1878 740 2020 802 coh.

650 842 776 911 κᾶν
804 841 1059 928 μακρόν
1089 870 1148 909 τι
1174 845 1260 906 Cf.
1292 844 1370 905 ad
1397 846 1500 904 Bis
1531 861 1622 904 ac.
1648 862 1700 904 c.
1733 848 1786 903 1.
1821 875 1901 886 —
1932 842 2041 906 οἶα
2070 837 2151 906 τὰ
2177 846 2291 922 τῆς
2322 848 2609 917 παλαιᾶς

648 950 942 1031 ἐργασίας
988 950 1160 1012 ἐστίν
1193 944 1572 1028 Ἡγησίου
1618 950 1725 1009 καὶ
1763 952 1900 1009 τῶν
1931 943 2093 1024 α’μφὶ
2123 949 2462 1026 Κριτίαν
2495 950 2606 1007 καὶ

646 1048 987 1132 Νησιώτην
1030 1049 1051 1133 fl
1082 1047 1352 1130 Ἡγίου
1400 1082 1480 1095 -
1525 1058 1585 1113 K
1609 1072 1646 1130 ρ
1675 1073 1697 1112 ι
1724 1073 1761 1112 τ
1789 1053 1812 1110 ί
1835 1072 1874 1112 ο
1898 1072 1937 1113 ν
1984 1048 2145 1124 quod
2188 1048 2608 1124 corrigendum

654 1172 786 1216 esse
816 1155 1015 1215 docuit
1044 1154 1255 1230 Bruns,
1304 1151 1519 1213 Gesch.
1568 1151 1672 1213 der
1714 1152 1939 1228 griech.
1974 1153 2256 1212 Kunstler
2288 1151 2336 1210 Ι.
2379 1152 2499 1211 102
2529 1169 2607 1211 ex

655 1259 1076 1334 epigrammate
1127 1259 1354 1316 statuae
1398 1255 1742 1331 Epicharmi
1783 1253 2031 1315 Athenis
2084 1254 2429 1314 collocatae.
2515 1252 2603 1313 Cf.

651 1360 952 1420 Lucianea
990 1376 1052 1434 p.
1093 1361 1208 1418 193
1256 1391 1338 1401 —
1383 1354 1421 1419 ὃ
1468 1360 1506 1420 δ
1518 1359 1544 1420 ὲ
1591 1357 1693 1420 ἐπὶ
1736 1352 1997 1433 τούτοις
2031 1353 2053 1436 ΙΙ
2086 1351 2161 1419 τὸ
2207 1358 2272 1418 δὲ
2304 1354 2469 1416 det.
2503 1356 2605 1419 Fr.

652 1460 796 1522 Ddf.
829 1495 913 1505 —-
942 1455 1155 1524 πόνον
1201 1463 1264 1523 δὲ
1310 1464 1417 1523 καὶ
1463 1457 1834 1540 α’γρυπνίαν
1878 1464 1986 1523 καὶ
2018 1456 2463 1523 ὑδατοποσίαν
2494 1458 2607 1522 καὶ

651 1559 742 1629 τὸ
786 1565 1120 1643 λιπαρὲς
1164 1559 1481 1641 α’ναγκαῖα
1525 1568 1732 1625 ταῦτα
1775 1566 1883 1625 καὶ
1927 1558 2329 1642 ἀπαραίτητα
2373 1555 2560 1641 φήσει
2590 1557 2610 1642 ΙΙ

652 1671 1215 1742 ταλαιπωρίαν
1247 1665 1412 1725 det.
1493 1662 1861 1740 Quamquam
1907 1665 2081 1725 etiam
2114 1664 2369 1727 Hermot.
2422 1680 2476 1723 c.
2508 1666 2608 1726 24.

654 1763 731 1832 τὸ
775 1769 1039 1847 λιπαρὲς
1084 1768 1257 1826 simili
1300 1766 1473 1827 modo
1519 1767 1894 1844 conjunctum
1942 1771 2032 1826 est
2074 1783 2206 1826 cum
2244 1760 2457 1829 πόνον
2485 1783 2606 1825 non

657 1871 846 1946 magis
888 1871 1085 1928 tamen
1129 1887 1284 1929 nunc
1322 1887 1497 1944 quam
1527 1870 1665 1928 olim
1695 1871 1894 1944 aptum
1928 1885 2058 1928 esse
2086 1866 2302 1928 iudico.
2368 1867 2527 1926 Nam
2561 1869 2609 1927 si

656 1974 818 2031 recte
832 1969 955 2030 vidi
967 1964 1039 2033 τὸ
1057 1972 1323 2049 λιπαρὲς
1335 1972 1718 2030 constantiam
1731 1987 1843 2029 esse
1854 1970 2296 2046 (Ausgcwiihlte
2309 1968 2609 2030 Schriften

657 2092 714 2133 v.
747 2072 973 2133 Lucian
1001 2071 1145 2151 m2)
1176 2091 1227 2132 c.
1256 2076 1310 2133 5.
1347 2090 1419 2133 ea
1448 2074 1507 2133 in
1538 2073 1828 2133 aerumnis
1855 2073 1994 2151 illis,
2038 2090 2191 2148 quae
2233 2073 2613 2132 nominantur

661 2199 810 2238 πον.
858 2172 998 2254 α’γρ.
1042 2170 1444 2239 ὑδατοποσία
1474 2177 1765 2236 numerari
1799 2193 1917 2234 non
1946 2178 2158 2251 potest.
2232 2175 2417 2235 Immo
2449 2175 2610 2235 aliud

662 2282 1057 2339 necessarium
1103 2281 1192 2337 est
1235 2277 1393 2353 quod
1432 2280 1628 2338 omnia
1670 2278 1952 2339 eiusmodi
1994 2279 2152 2338 mala
2181 2273 2386 2354 πόνος
2417 2276 2613 2359 α’γρυ-

665 2385 820 2443 πνία
865 2377 1267 2442 ὑδατοποσία
1314 2384 1576 2440 extu-emo
1606 2383 1739 2443 loco
1775 2400 1893 2441 una
1919 2398 2068 2442 voce
2113 2387 2612 2461 ταλαιπωρία

665 2481 1107 2559 complectatur.
1205 2480 1312 2542 Cui
1369 2485 1739 2544 coniecturae
1794 2502 1870 2544 ne
1926 2484 2433 2562 palaeographica
2485 2487 2614 2561 qui-

665 2584 796 2645 dem
846 2586 995 2644 ratio
1043 2584 1277 2645 obstare
1320 2584 1553 2646 videtur
1603 2594 2106 2667 ταλαιπωρια
2152 2620 2227 2629 -
2282 2595 2616 2651 τολιπα-

662 2711 795 2770 ρες
843 2688 919 2749 cf.
966 2687 1261 2765 Dipsades
1307 2707 1356 2750 c.
1391 2691 1446 2750 2.
1489 2683 1570 2752 τὰ
1612 2683 2217 2770 ταλαιπωρούμενα.

669 2791 743 2867 ἐς
787 2785 878 2854 τὸ
925 2786 1082 2854 εὐθὺ
1128 2798 1240 2871 τῆς
1287 2790 1629 2872 ῥητορικῆς
1667 2785 1821 2867 ὁδός
1853 2786 1875 2872 ΙΙ
1907 2790 2025 2851 del.
2060 2792 2131 2868 ἐς
2161 2787 2239 2854 τὸ
2270 2790 2435 2852 det.
2467 2791 2615 2851 Ddf.

664 2893 740 2955 cf.
773 2895 1035 2955 Hermot.
1067 2913 1117 2954 c.
1154 2899 1255 2954 46.
1302 2900 1489 2976 πείρᾳ
1532 2891 1766 2970 μαθων
1811 2891 1901 2971 ὡς
1941 2890 2112 2976 μόνη
2142 2888 2277 2975 ἄγει
2308 2892 2467 2960 εὐθὺ
2501 2904 2623 2979 τῆς

666 2989 1075 3073 εὐδαιμονίας
1104 2996 1274 3073 Nigr.
1310 2999 1368 3056 2.
1415 2992 1687 3078 ἐστάλην
1729 3000 1848 3072 μὲν
1893 2994 2053 3062 εὐθὺ
2101 3003 2212 3078 τῆς
2247 2995 2499 3076 πόλεως
2531 3033 2613 3044 -—

664 3099 760 3162 ἴθι
820 3104 915 3181 τῷ
956 3100 1075 3174 μὲν
1120 3100 1299 3160 δασεῖ
1337 3094 1555 3183 τούτῳ
1603 3142 1618 3159 .
1657 3142 1675 3160 .
1714 3142 1729 3159 .
1776 3096 2042 3181 μακρὰ
2080 3107 2396 3182 χαίρειν
2441 3104 2625 3180 λε’γε

667 3196 1040 3275 ἀναβαίνειν
1085 3195 1290 3262 αὐτὸν
1336 3195 1359 3281 ΙΙ
1400 3196 1617 3281 μακρὰ
1653 3207 1903 3281 χαίρειν
1949 3198 2200 3268 εἰπών
2243 3206 2384 3281 λέγε
2427 3200 2617 3281 α’ναβ.

670 3300 826 3365 det.
906 3301 1041 3360 Non
1089 3300 1322 3362 dubium
1368 3305 1511 3380 quin
1556 3306 1829 3365 omissum
1875 3306 1950 3365 sit
1989 3306 2230 3381 aliquod
2257 3307 2500 3368 verbum
2529 3306 2626 3366 di-

668 3404 857 3464 cendi.
937 3404 1092 3464 Nam
1132 3405 1185 3464 si
1228 3422 1264 3463 a
1305 3406 1446 3483 λὲγε
1494 3422 1842 3483 suspensum
1888 3412 1978 3467 est
2016 3404 2420 3487 ἀναβαίνειν,
2460 3409 2629 3469 unde

668 3506 889 3584 pendet
940 3502 1155 3587 μακρὰ
1204 3506 1498 3587 χαίρεινῖ)
1571 3507 1922 3569 Addendum
1978 3511 2154 3586 igitur
2211 3505 2462 3574 εἰπών
2520 3514 2631 3571 vel

667 3605 932 3689 φράσας.

665 3708 833 3792 παρ’
877 3702 1136 3775 ἄλλον
1171 3707 1193 3793 ΙΙ
1226 3709 1379 3793 παρ’
1424 3703 1694 3776 ἄλλων
1724 3711 1804 3774 Ψ
1846 3750 1931 3760 -
1976 3711 2129 3779 οὐδ’
2173 3707 2276 3794 ἂν,
2321 3710 2411 3778 τὸ
2455 3737 2633 3778 κοι-

670 3808 1047 3893 νότατον,
1102 3817 1258 3894 μηδὲ
1316 3810 1587 3896 γράφειν
1631 3813 1709 3880 τὰ
1753 3813 2091 3898 γράμματα
2137 3820 2301 3897 εἰδῇς
2335 3813 2358 3898 ΙΙ
2389 3816 2630 3895 Legen-

670 3913 806 3972 dum
841 3936 972 3976 και
991 3910 1080 3977 νό
1096 3938 1339 3980 τατον
1371 3916 1536 3978 det.
1570 3919 1720 3998 quod
1748 3919 2075 3981 inauditum
2106 3929 2204 3990 est,
2233 3914 2632 3984 κοινότατον

672 4014 819 4092 quod
872 4018 1310 4077 usitatissimum
1368 4029 1468 4079 est.
1515 4054 1598 4065 —
1643 4013 1807 4086 ἄλλο
1863 4019 1986 4104 γὰρ
2041 4046 2102 4085 τι
2156 4019 2369 4103 παρὰ
2413 4029 2633 4086 ταῦτα
