<?xml version="1.0" encoding="UTF-8"?>
<!DOCTYPE html PUBLIC "-//W3C//DTD XHTML 1.0 Transitional//EN"
    "http://www.w3.org/TR/xhtml1/DTD/xhtml1-transitional.dtd">
<html xmlns="http://www.w3.org/1999/xhtml" xml:lang="en" lang="en">
 <head>
  <title>
</title>
<meta http-equiv="Content-Type" content="text/html;charset=utf-8" />
  <meta name='ocr-system' content='tesseract 3.04.00' />
  <meta name='ocr-capabilities' content='ocr_page ocr_carea ocr_par ocr_line ocrx_word'/>
</head>
<body>
  <div class='ocr_page' id='page_1' title='image "./lucianus02sommgoog/lucianus02sommgoog_0195.png"; bbox 0 0 2867 4525; ppageno 0'>
   <div class='ocr_carea' id='block_1_1' title="bbox 1074 299 2409 361">
    <p class='ocr_par' dir='ltr' id='par_1_1' title="bbox 1074 299 2409 361">
     <span class='ocr_line' id='line_1_1' title="bbox 1074 299 2409 361; baseline 0.006 -8"><span class='ocrx_word' id='word_1_1' title='bbox 1074 299 1327 357; x_wconf 84' lang='grc' dir='ltr'>ΠΔΟΙΟΝ</span> <span class='ocrx_word' id='word_1_2' title='bbox 1361 300 1406 345; x_wconf 81' lang='grc' dir='ltr'><strong>Η</strong></span> <span class='ocrx_word' id='word_1_3' title='bbox 1442 301 1651 356; x_wconf 77' lang='grc' dir='ltr'><strong><em>ΕΥΧΑΙ.</em></strong></span> <span class='ocrx_word' id='word_1_4' title='bbox 2291 304 2409 361; x_wconf 79' lang='grc'><strong><em>177</em></strong></span> 
     </span>
    </p>
   </div>
   <div class='ocr_carea' id='block_1_2' title="bbox 126 467 2517 4031">
    <p class='ocr_par' dir='ltr' id='par_1_2' title="bbox 126 467 2517 853">
     <span class='ocr_line' id='line_1_2' title="bbox 411 467 2412 561; baseline 0.003 -26"><span class='ocrx_word' id='word_1_5' title='bbox 411 475 634 536; x_wconf 85' lang='grc' dir='ltr'><em>ΛΥΚ.</em></span> <span class='ocrx_word' id='word_1_6' title='bbox 722 467 830 558; x_wconf 87' lang='grc' dir='ltr'><strong><em>Νὴ</em></strong></span> <span class='ocrx_word' id='word_1_7' title='bbox 892 475 1067 551; x_wconf 89' lang='grc' dir='ltr'><strong><em>Δία,</em></strong></span> <span class='ocrx_word' id='word_1_8' title='bbox 1139 468 1533 555; x_wconf 90' lang='grc' dir='ltr'><strong><em>θαυμάσιόν</em></strong></span> <span class='ocrx_word' id='word_1_9' title='bbox 1594 495 1749 539; x_wconf 86' lang='grc' dir='ltr'><strong><em>τινα</em></strong></span> <span class='ocrx_word' id='word_1_10' title='bbox 1819 470 1954 560; x_wconf 88' lang='grc' dir='ltr'><strong><em>φὴς</em></strong></span> <span class='ocrx_word' id='word_1_11' title='bbox 2015 472 2412 561; x_wconf 75' lang='grc' dir='ltr'><strong><em>κυβερνήτην</em></strong></span> 
     </span>
     <span class='ocr_line' id='line_1_3' title="bbox 126 560 2414 661; baseline 0.005 -28"><span class='ocrx_word' id='word_1_12' title='bbox 126 570 362 639; x_wconf 79' lang='grc' dir='ltr'><strong><em>255τὸν</em></strong></span> <span class='ocrx_word' id='word_1_13' title='bbox 388 561 663 659; x_wconf 85' lang='grc' dir='ltr'><strong><em>Ἥρωνα</em></strong></span> <span class='ocrx_word' id='word_1_14' title='bbox 706 560 797 660; x_wconf 87' lang='grc' dir='ltr'><strong><em>[η]</em></strong></span> <span class='ocrx_word' id='word_1_15' title='bbox 842 573 961 637; x_wconf 88' lang='grc' dir='ltr'><strong><em>τοῦ</em></strong></span> <span class='ocrx_word' id='word_1_16' title='bbox 1012 576 1291 660; x_wconf 79' lang='grc' dir='ltr'><strong><em>Νηρέως</em></strong></span> <span class='ocrx_word' id='word_1_17' title='bbox 1330 566 1713 661; x_wconf 79' lang='grc' dir='ltr'><strong><em>ἡλικιώτην,</em></strong></span> <span class='ocrx_word' id='word_1_18' title='bbox 1758 571 1835 653; x_wconf 78' lang='grc' dir='ltr'><strong><em>ὃς</em></strong></span> <span class='ocrx_word' id='word_1_19' title='bbox 1875 577 2198 643; x_wconf 90' lang='grc' dir='ltr'><strong><em>τοσοῦτον</em></strong></span> <span class='ocrx_word' id='word_1_20' title='bbox 2241 569 2414 644; x_wconf 79' lang='grc' dir='ltr'><strong><em>άπε-</em></strong></span> 
     </span>
     <span class='ocr_line' id='line_1_4' title="bbox 242 667 2517 762; baseline 0.002 -21"><span class='ocrx_word' id='word_1_21' title='bbox 242 670 468 761; x_wconf 84' lang='grc' dir='ltr'><strong><em>σφάλη</em></strong></span> <span class='ocrx_word' id='word_1_22' title='bbox 519 676 645 759; x_wconf 87' lang='grc' dir='ltr'><strong><em>τῆς</em></strong></span> <span class='ocrx_word' id='word_1_23' title='bbox 698 668 880 740; x_wconf 80' lang='grc' dir='ltr'><strong><em>ὁδοῦ.</em></strong></span> <span class='ocrx_word' id='word_1_24' title='bbox 983 677 1082 740; x_wconf 87' lang='grc'><strong><em>10.</em></strong></span> <span class='ocrx_word' id='word_1_25' title='bbox 1140 667 1316 740; x_wconf 77' lang='grc' dir='ltr'><strong><em>ἀλλὰ</em></strong></span> <span class='ocrx_word' id='word_1_26' title='bbox 1381 679 1450 741; x_wconf 84' lang='grc' dir='ltr'><strong><em>τί</em></strong></span> <span class='ocrx_word' id='word_1_27' title='bbox 1513 678 1747 759; x_wconf 67' lang='grc' dir='ltr'><strong><em>τοῦτο,</em></strong></span> <span class='ocrx_word' id='word_1_28' title='bbox 1812 668 1929 744; x_wconf 80' lang='grc' dir='ltr'><strong><em>οῦκ</em></strong></span> <span class='ocrx_word' id='word_1_29' title='bbox 1977 672 2409 762; x_wconf 78' lang='grc' dir='ltr'><strong><em>Ἀδείμαντος</em></strong></span> <span class='ocrx_word' id='word_1_30' title='bbox 2442 691 2517 747; x_wconf 82' lang='grc'><strong><em>10</em></strong></span> 
     </span>
     <span class='ocr_line' id='line_1_5' title="bbox 247 773 719 857; baseline -0.002 -14"><span class='ocrx_word' id='word_1_31' title='bbox 247 773 498 853; x_wconf 78' lang='grc' dir='ltr'><strong><em>ἐκεῖνός</em></strong></span> <span class='ocrx_word' id='word_1_32' title='bbox 540 773 719 857; x_wconf 79' lang='grc' dir='ltr'><strong><em>ἐστι,·</em></strong></span> 
     </span>
    </p>

    <p class='ocr_par' dir='ltr' id='par_1_3' title="bbox 238 861 2414 1270">
     <span class='ocr_line' id='line_1_6' title="bbox 419 861 2414 969; baseline 0.003 -25"><span class='ocrx_word' id='word_1_33' title='bbox 419 881 617 944; x_wconf 91' lang='grc' dir='ltr'><strong><em>ΤΙΜ.</em></strong></span> <span class='ocrx_word' id='word_1_34' title='bbox 659 876 853 944; x_wconf 82' lang='grc' dir='ltr'><strong><em>Πάνυ</em></strong></span> <span class='ocrx_word' id='word_1_35' title='bbox 893 876 1015 963; x_wconf 78' lang='grc' dir='ltr'><strong><em>μὲν</em></strong></span> <span class='ocrx_word' id='word_1_36' title='bbox 1045 861 1181 959; x_wconf 82' lang='grc' dir='ltr'><strong><em>οῦν,</em></strong></span> <span class='ocrx_word' id='word_1_37' title='bbox 1221 872 1657 963; x_wconf 79' lang='grc' dir='ltr'><strong><em>Ἀδείμαντος</em></strong></span> <span class='ocrx_word' id='word_1_38' title='bbox 1687 876 1904 959; x_wconf 83' lang='grc' dir='ltr'><strong><em>αῦτός.</em></strong></span> <span class='ocrx_word' id='word_1_39' title='bbox 1979 878 2414 969; x_wconf 70' lang='grc' dir='ltr'><strong><em>ἐμβοήσωμεν</em></strong></span> 
     </span>
     <span class='ocr_line' id='line_1_7' title="bbox 238 970 2408 1070; baseline 0.003 -25"><span class='ocrx_word' id='word_1_40' title='bbox 238 1002 380 1047; x_wconf 92' lang='grc' dir='ltr'><strong><em>ουν.</em></strong></span> <span class='ocrx_word' id='word_1_41' title='bbox 424 970 842 1063; x_wconf 80' lang='grc' dir='ltr'><strong><em>Ἀδείμαντε,</em></strong></span> <span class='ocrx_word' id='word_1_42' title='bbox 870 982 948 1046; x_wconf 80' lang='grc' dir='ltr'><strong><em>σέ</em></strong></span> <span class='ocrx_word' id='word_1_43' title='bbox 970 1004 1147 1069; x_wconf 89' lang='grc' dir='ltr'><strong><em>φημι</em></strong></span> <span class='ocrx_word' id='word_1_44' title='bbox 1167 978 1287 1048; x_wconf 83' lang='grc' dir='ltr'><strong><em>τὸν</em></strong></span> <span class='ocrx_word' id='word_1_45' title='bbox 1309 980 1816 1068; x_wconf 84' lang='grc' dir='ltr'><strong><em>Μυρρινούσιον</em></strong></span> <span class='ocrx_word' id='word_1_46' title='bbox 1836 979 1956 1051; x_wconf 81' lang='grc' dir='ltr'><strong><em>τὸν</em></strong></span> <span class='ocrx_word' id='word_1_47' title='bbox 1977 987 2408 1070; x_wconf 81' lang='grc' dir='ltr'><strong><em>Στρομβίχου.</em></strong></span> 
     </span>
     <span class='ocr_line' id='line_1_8' title="bbox 239 1069 2411 1173; baseline 0.004 -27"><span class='ocrx_word' id='word_1_48' title='bbox 239 1081 426 1148; x_wconf 81' lang='grc' dir='ltr'><strong><em>δυεῖν</em></strong></span> <span class='ocrx_word' id='word_1_49' title='bbox 467 1079 785 1167; x_wconf 88' lang='grc' dir='ltr'><strong><em>θάτερον,</em></strong></span> <span class='ocrx_word' id='word_1_50' title='bbox 832 1069 878 1169; x_wconf 84' lang='grc' dir='ltr'><em>ἢ</em></span> <span class='ocrx_word' id='word_1_51' title='bbox 921 1079 1336 1167; x_wconf 83' lang='grc' dir='ltr'><strong><em>δυσχεραίνει</em></strong></span> <span class='ocrx_word' id='word_1_52' title='bbox 1377 1075 1546 1149; x_wconf 76' lang='grc' dir='ltr'><strong><em>καθ’</em></strong></span> <span class='ocrx_word' id='word_1_53' title='bbox 1595 1077 1785 1172; x_wconf 84' lang='grc' dir='ltr'><strong><em>ἡμων</em></strong></span> <span class='ocrx_word' id='word_1_54' title='bbox 1830 1073 1871 1171; x_wconf 83' lang='grc' dir='ltr'><em>ἢ</em></span> <span class='ocrx_word' id='word_1_55' title='bbox 1915 1081 2411 1173; x_wconf 70' lang='grc' dir='ltr'><strong><em>ἐκκεκώφωται·</em></strong></span> 
     </span>
     <span class='ocr_line' id='line_1_9' title="bbox 233 1176 1632 1270; baseline 0.001 -20.012"><span class='ocrx_word' id='word_1_56' title='bbox 233 1181 676 1267; x_wconf 75' lang='grc' dir='ltr'><strong><em>Ἀδείμαντος</em></strong></span> <span class='ocrx_word' id='word_1_57' title='bbox 716 1181 863 1270; x_wconf 77' lang='grc' dir='ltr'><strong><em>γάρ,</em></strong></span> <span class='ocrx_word' id='word_1_58' title='bbox 910 1176 1029 1252; x_wconf 81' lang='grc' dir='ltr'><strong><em>οῦκ</em></strong></span> <span class='ocrx_word' id='word_1_59' title='bbox 1071 1179 1276 1262; x_wconf 87' lang='grc' dir='ltr'><strong><em>αλλος</em></strong></span> <span class='ocrx_word' id='word_1_60' title='bbox 1316 1190 1424 1263; x_wconf 85' lang='grc' dir='ltr'><strong><em>τίς</em></strong></span> <span class='ocrx_word' id='word_1_61' title='bbox 1466 1181 1632 1253; x_wconf 71' lang='grc' dir='ltr'><strong><em>ἐστι.</em></strong></span> 
     </span>
    </p>

    <p class='ocr_par' dir='ltr' id='par_1_4' title="bbox 235 1279 2516 1986">
     <span class='ocr_line' id='line_1_10' title="bbox 411 1279 2415 1375; baseline 0.003 -25"><span class='ocrx_word' id='word_1_62' title='bbox 411 1289 636 1350; x_wconf 85' lang='grc' dir='ltr'><em>ΛΥΚ.</em></span> <span class='ocrx_word' id='word_1_63' title='bbox 680 1284 878 1353; x_wconf 84' lang='grc' dir='ltr'><strong><em>Πάνυ</em></strong></span> <span class='ocrx_word' id='word_1_64' title='bbox 921 1279 1045 1374; x_wconf 79' lang='grc' dir='ltr'><strong><em>ἤδη</em></strong></span> <span class='ocrx_word' id='word_1_65' title='bbox 1101 1289 1340 1375; x_wconf 81' lang='grc' dir='ltr'><strong><em>σαφῶς</em></strong></span> <span class='ocrx_word' id='word_1_66' title='bbox 1392 1282 1566 1373; x_wconf 76' lang='grc' dir='ltr'><strong><em>ὁρῶ,</em></strong></span> <span class='ocrx_word' id='word_1_67' title='bbox 1620 1289 1736 1355; x_wconf 86' lang='grc' dir='ltr'><strong><em>καὶ</em></strong></span> <span class='ocrx_word' id='word_1_68' title='bbox 1794 1287 2164 1373; x_wconf 83' lang='grc' dir='ltr'><strong><em>θοίμάτιον</em></strong></span> <span class='ocrx_word' id='word_1_69' title='bbox 2209 1283 2415 1358; x_wconf 73' lang='grc' dir='ltr'><strong><em>αὐτοῦ</em></strong></span> 
     </span>
     <span class='ocr_line' id='line_1_11' title="bbox 236 1382 2414 1476; baseline 0.003 -24"><span class='ocrx_word' id='word_1_70' title='bbox 236 1386 355 1452; x_wconf 86' lang='grc' dir='ltr'><strong><em>καὶ</em></strong></span> <span class='ocrx_word' id='word_1_71' title='bbox 398 1383 475 1453; x_wconf 81' lang='grc' dir='ltr'><strong><em>τὸ</em></strong></span> <span class='ocrx_word' id='word_1_72' title='bbox 519 1384 824 1472; x_wconf 83' lang='grc' dir='ltr'><strong><em>βάδισμα</em></strong></span> <span class='ocrx_word' id='word_1_73' title='bbox 867 1384 1147 1465; x_wconf 69' lang='grc' dir='ltr'><strong><em>ἐκείνου,</em></strong></span> <span class='ocrx_word' id='word_1_74' title='bbox 1197 1390 1313 1457; x_wconf 88' lang='grc' dir='ltr'><strong><em>καὶ</em></strong></span> <span class='ocrx_word' id='word_1_75' title='bbox 1369 1386 1441 1456; x_wconf 70' lang='grc' dir='ltr'><strong><em>ἐν</em></strong></span> <span class='ocrx_word' id='word_1_76' title='bbox 1478 1391 1620 1476; x_wconf 75' lang='grc' dir='ltr'><strong><em>χρῷ</em></strong></span> <span class='ocrx_word' id='word_1_77' title='bbox 1662 1383 1702 1476; x_wconf 82' lang='grc' dir='ltr'><strong><em>ἦ</em></strong></span> <span class='ocrx_word' id='word_1_78' title='bbox 1748 1382 1972 1476; x_wconf 88' lang='grc' dir='ltr'><strong><em>κουρά.</em></strong></span> <span class='ocrx_word' id='word_1_79' title='bbox 2060 1390 2414 1460; x_wconf 72' lang='grc' dir='ltr'><strong><em>ἐπιτείνω-</em></strong></span> 
     </span>
     <span class='ocr_line' id='line_1_12' title="bbox 236 1481 2412 1576; baseline 0.003 -21"><span class='ocrx_word' id='word_1_80' title='bbox 236 1511 365 1571; x_wconf 84' lang='grc' dir='ltr'><strong><em>μεν</em></strong></span> <span class='ocrx_word' id='word_1_81' title='bbox 431 1487 506 1556; x_wconf 77' lang='grc' dir='ltr'><strong><em>δὲ</em></strong></span> <span class='ocrx_word' id='word_1_82' title='bbox 570 1481 755 1575; x_wconf 71' lang='grc' dir='ltr'><strong><em>ὅμως</em></strong></span> <span class='ocrx_word' id='word_1_83' title='bbox 816 1487 937 1557; x_wconf 82' lang='grc' dir='ltr'><strong><em>τὸν</em></strong></span> <span class='ocrx_word' id='word_1_84' title='bbox 1001 1495 1418 1574; x_wconf 81' lang='grc' dir='ltr'><strong><em>περίπατον,</em></strong></span> <span class='ocrx_word' id='word_1_85' title='bbox 1486 1484 1582 1567; x_wconf 78' lang='grc' dir='ltr'><strong><em>ὥς</em></strong></span> <span class='ocrx_word' id='word_1_86' title='bbox 1642 1488 2125 1576; x_wconf 82' lang='grc' dir='ltr'><strong><em>καταλάβωμεν</em></strong></span> <span class='ocrx_word' id='word_1_87' title='bbox 2191 1485 2412 1561; x_wconf 82' lang='grc' dir='ltr'><strong><em>αῦτόν.</em></strong></span> 
     </span>
     <span class='ocr_line' id='line_1_13' title="bbox 243 1578 2516 1679; baseline 0.001 -23"><span class='ocrx_word' id='word_1_88' title='bbox 243 1595 349 1656; x_wconf 93' lang='grc'><strong><em>11.</em></strong></span> <span class='ocrx_word' id='word_1_89' title='bbox 405 1578 486 1676; x_wconf 79' lang='grc' dir='ltr'><strong><em>ἢν</em></strong></span> <span class='ocrx_word' id='word_1_90' title='bbox 541 1589 630 1679; x_wconf 82' lang='grc' dir='ltr'><strong><em>μὴ</em></strong></span> <span class='ocrx_word' id='word_1_91' title='bbox 689 1594 813 1660; x_wconf 86' lang='grc' dir='ltr'><strong><em>τοῦ</em></strong></span> <span class='ocrx_word' id='word_1_92' title='bbox 865 1592 1135 1676; x_wconf 80' lang='grc' dir='ltr'><strong><em>ἱματίου</em></strong></span> <span class='ocrx_word' id='word_1_93' title='bbox 1195 1614 1273 1659; x_wconf 89' lang='grc' dir='ltr'><strong><em>σε</em></strong></span> <span class='ocrx_word' id='word_1_94' title='bbox 1328 1590 1689 1676; x_wconf 81' lang='grc' dir='ltr'><strong><em>λαβόμενοι</em></strong></span> <span class='ocrx_word' id='word_1_95' title='bbox 1745 1589 2294 1678; x_wconf 72' lang='grc' dir='ltr'><strong><em>ἐπιστρέψωμεν,</em></strong></span> <span class='ocrx_word' id='word_1_96' title='bbox 2352 1579 2410 1659; x_wconf 73' lang='grc' dir='ltr'><em>ὦ</em></span> <span class='ocrx_word' id='word_1_97' title='bbox 2446 1623 2516 1677; x_wconf 79' lang='lat'><strong><em>11</em></strong></span> 
     </span>
     <span class='ocr_line' id='line_1_14' title="bbox 230 1684 2415 1784; baseline 0.002 -26.021"><span class='ocrx_word' id='word_1_98' title='bbox 230 1684 656 1776; x_wconf 70' lang='grc' dir='ltr'><strong><em>Ἀδείμαντε,</em></strong></span> <span class='ocrx_word' id='word_1_99' title='bbox 711 1685 829 1777; x_wconf 81' lang='grc' dir='ltr'><strong><em>οῦχ</em></strong></span> <span class='ocrx_word' id='word_1_100' title='bbox 870 1687 1277 1775; x_wconf 84' lang='grc' dir='ltr'><strong><em>ῦπακουσεις</em></strong></span> <span class='ocrx_word' id='word_1_101' title='bbox 1317 1687 1479 1781; x_wconf 79' lang='grc' dir='ltr'><strong><em>ἡμῖν</em></strong></span> <span class='ocrx_word' id='word_1_102' title='bbox 1518 1695 1791 1778; x_wconf 91' lang='grc' dir='ltr'><strong><em>βοωσιν,</em></strong></span> <span class='ocrx_word' id='word_1_103' title='bbox 1835 1686 2007 1760; x_wconf 72' lang='grc' dir='ltr'><strong><em>ἀλλὰ</em></strong></span> <span class='ocrx_word' id='word_1_104' title='bbox 2049 1698 2161 1762; x_wconf 86' lang='grc' dir='ltr'><strong><em>καὶ</em></strong></span> <span class='ocrx_word' id='word_1_105' title='bbox 2207 1719 2415 1784; x_wconf 90' lang='grc' dir='ltr'><strong><em>φρον-</em></strong></span> 
     </span>
     <span class='ocr_line' id='line_1_15' title="bbox 235 1789 2416 1881; baseline 0.002 -21"><span class='ocrx_word' id='word_1_106' title='bbox 235 1792 580 1874; x_wconf 78' lang='grc' dir='ltr'><strong><em>τίζοντι”</em></strong></span> <span class='ocrx_word' id='word_1_107' title='bbox 543 1818 767 1873; x_wconf 89' lang='grc' dir='ltr'><strong><em>εοικας</em></strong></span> <span class='ocrx_word' id='word_1_108' title='bbox 823 1793 941 1864; x_wconf 75' lang='grc' dir='ltr'><strong><em>ἐπὶ</em></strong></span> <span class='ocrx_word' id='word_1_109' title='bbox 992 1801 1304 1874; x_wconf 85' lang='grc' dir='ltr'><strong><em>συννοίας</em></strong></span> <span class='ocrx_word' id='word_1_110' title='bbox 1350 1794 1540 1873; x_wconf 82' lang='grc' dir='ltr'><strong><em>τινὸς</em></strong></span> <span class='ocrx_word' id='word_1_111' title='bbox 1596 1792 1694 1864; x_wconf 81' lang='grc' dir='ltr'><strong><em>οὗ</em></strong></span> <span class='ocrx_word' id='word_1_112' title='bbox 1717 1795 1955 1881; x_wconf 83' lang='grc' dir='ltr'><strong><em>μικρὸν</em></strong></span> <span class='ocrx_word' id='word_1_113' title='bbox 2012 1789 2166 1865; x_wconf 78' lang='grc' dir='ltr'><strong><em>ουδὲ</em></strong></span> <span class='ocrx_word' id='word_1_114' title='bbox 2223 1791 2416 1864; x_wconf 80' lang='grc' dir='ltr'><strong><em>εῦκα-</em></strong></span> 
     </span>
     <span class='ocr_line' id='line_1_16' title="bbox 240 1888 1881 1986; baseline 0.001 -24"><span class='ocrx_word' id='word_1_115' title='bbox 240 1892 668 1986; x_wconf 82' lang='grc' dir='ltr'><strong><em>ταφρόνητον</em></strong></span> <span class='ocrx_word' id='word_1_116' title='bbox 711 1899 1011 1983; x_wconf 77' lang='grc' dir='ltr'><strong><em>πρᾶγμα,</em></strong></span> <span class='ocrx_word' id='word_1_117' title='bbox 1057 1893 1151 1976; x_wconf 80' lang='grc' dir='ltr'><strong><em>ὦς</em></strong></span> <span class='ocrx_word' id='word_1_118' title='bbox 1195 1896 1433 1980; x_wconf 88' lang='grc' dir='ltr'><strong><em>δοκεῖς,</em></strong></span> <span class='ocrx_word' id='word_1_119' title='bbox 1481 1888 1881 1976; x_wconf 78' lang='grc' dir='ltr'><strong><em>ανακυκλῶν.</em></strong></span> 
     </span>
    </p>

    <p class='ocr_par' dir='ltr' id='par_1_5' title="bbox 238 1992 2417 2392">
     <span class='ocr_line' id='line_1_17' title="bbox 413 1992 2415 2083; baseline 0 -16"><span class='ocrx_word' id='word_1_120' title='bbox 413 2001 1088 2068; x_wconf 71' lang='grc' dir='ltr'><em>ΑΔΕΠΠΛΝΤΟΣ.</em></span> <span class='ocrx_word' id='word_1_121' title='bbox 1144 1992 1384 2081; x_wconf 82' lang='grc' dir='ltr'><strong><em>Οῦδέν,</em></strong></span> <span class='ocrx_word' id='word_1_122' title='bbox 1400 2024 1499 2073; x_wconf 86' lang='grc' dir='ltr'><strong><em>ω</em></strong></span> <span class='ocrx_word' id='word_1_123' title='bbox 1544 2007 1821 2082; x_wconf 85' lang='grc' dir='ltr'><strong><em>Λυκῖνε,</em></strong></span> <span class='ocrx_word' id='word_1_124' title='bbox 1861 2000 2185 2083; x_wconf 90' lang='grc' dir='ltr'><strong><em>χαλεπόν,</em></strong></span> <span class='ocrx_word' id='word_1_125' title='bbox 2241 1997 2415 2068; x_wconf 85' lang='grc' dir='ltr'><strong><em>άλλά</em></strong></span> 
     </span>
     <span class='ocr_line' id='line_1_18' title="bbox 238 2065 2415 2187; baseline 0.002 -22"><span class='ocrx_word' id='word_1_126' title='bbox 238 2123 329 2183; x_wconf 89' lang='grc' dir='ltr'><strong><em>με</em></strong></span> <span class='ocrx_word' id='word_1_127' title='bbox 371 2099 520 2187; x_wconf 86' lang='grc' dir='ltr'><strong><em>κενή</em></strong></span> <span class='ocrx_word' id='word_1_128' title='bbox 577 2125 685 2180; x_wconf 90' lang='grc' dir='ltr'><strong><em>τις</em></strong></span> <span class='ocrx_word' id='word_1_129' title='bbox 739 2100 963 2170; x_wconf 84' lang='grc' dir='ltr'><strong><em>εννοια</em></strong></span> <span class='ocrx_word' id='word_1_130' title='bbox 1018 2099 1264 2187; x_wconf 78' lang='grc' dir='ltr'><strong><em>μεταξὺ</em></strong></span> <span class='ocrx_word' id='word_1_131' title='bbox 1315 2065 1678 2186; x_wconf 86' lang='grc' dir='ltr'><strong><em>βαδίζοντα</em></strong></span> <span class='ocrx_word' id='word_1_132' title='bbox 1732 2097 2134 2170; x_wconf 73' lang='grc' dir='ltr'><strong><em>ὑπελθοῦσα</em></strong></span> <span class='ocrx_word' id='word_1_133' title='bbox 2188 2126 2415 2187; x_wconf 91' lang='grc' dir='ltr'><strong><em>παρα-</em></strong></span> 
     </span>
     <span class='ocr_line' id='line_1_19' title="bbox 239 2197 2417 2294; baseline 0.001 -25"><span class='ocrx_word' id='word_1_134' title='bbox 239 2204 484 2270; x_wconf 86' lang='grc' dir='ltr'><strong><em>κοῦσαι</em></strong></span> <span class='ocrx_word' id='word_1_135' title='bbox 525 2198 713 2289; x_wconf 79' lang='grc' dir='ltr'><strong><em>ὖμῶν</em></strong></span> <span class='ocrx_word' id='word_1_136' title='bbox 757 2202 1073 2294; x_wconf 75' lang='grc' dir='ltr'><strong><em>ἐποίησεν</em></strong></span> <span class='ocrx_word' id='word_1_137' title='bbox 1118 2200 1347 2284; x_wconf 77' lang='grc' dir='ltr'><strong><em>ἀτενὲς</em></strong></span> <span class='ocrx_word' id='word_1_138' title='bbox 1390 2203 1567 2292; x_wconf 84' lang='grc' dir='ltr'><strong><em>πρὸς</em></strong></span> <span class='ocrx_word' id='word_1_139' title='bbox 1614 2197 1820 2294; x_wconf 76' lang='grc' dir='ltr'><strong><em>αὐτὴν</em></strong></span> <span class='ocrx_word' id='word_1_140' title='bbox 1862 2229 2119 2274; x_wconf 89' lang='grc' dir='ltr'><strong><em>απαντι</em></strong></span> <span class='ocrx_word' id='word_1_141' title='bbox 2159 2206 2259 2292; x_wconf 75' lang='grc' dir='ltr'><strong><em>τῷ</em></strong></span> <span class='ocrx_word' id='word_1_142' title='bbox 2304 2206 2417 2272; x_wconf 86' lang='grc' dir='ltr'><strong><em>λο-</em></strong></span> 
     </span>
     <span class='ocr_line' id='line_1_20' title="bbox 238 2298 1014 2392; baseline 0.005 -21"><span class='ocrx_word' id='word_1_143' title='bbox 238 2308 467 2392; x_wconf 76' lang='grc' dir='ltr'><strong><em>γισμῷ</em></strong></span> <span class='ocrx_word' id='word_1_144' title='bbox 513 2298 1014 2390; x_wconf 72' lang='grc' dir='ltr'><strong><em>ἀποβλέποντα.</em></strong></span> 
     </span>
    </p>

    <p class='ocr_par' dir='ltr' id='par_1_6' title="bbox 236 2401 2418 2700">
     <span class='ocr_line' id='line_1_21' title="bbox 416 2401 2418 2498; baseline 0 -24"><span class='ocrx_word' id='word_1_145' title='bbox 416 2415 638 2478; x_wconf 86' lang='grc' dir='ltr'><em>ΛΥΚ.</em></span> <span class='ocrx_word' id='word_1_146' title='bbox 680 2415 802 2488; x_wconf 88' lang='grc' dir='ltr'><strong><em>Τίς</em></strong></span> <span class='ocrx_word' id='word_1_147' title='bbox 846 2401 1048 2498; x_wconf 68' lang='grc' dir='ltr'><strong><em>αῦτης</em></strong></span> <span class='ocrx_word' id='word_1_148' title='bbox 1102 2410 1190 2495; x_wconf 86' lang='grc' dir='ltr'><strong><em>μὴ</em></strong></span> <span class='ocrx_word' id='word_1_149' title='bbox 1237 2406 1364 2497; x_wconf 75' lang='grc' dir='ltr'><strong><em>γὰρ</em></strong></span> <span class='ocrx_word' id='word_1_150' title='bbox 1408 2402 1693 2497; x_wconf 79' lang='grc' dir='ltr'><strong><em>ὀκνήσῃς</em></strong></span> <span class='ocrx_word' id='word_1_151' title='bbox 1750 2408 2000 2495; x_wconf 85' lang='grc' dir='ltr'><strong><em>εἰπεῖν,</em></strong></span> <span class='ocrx_word' id='word_1_152' title='bbox 2061 2407 2123 2476; x_wconf 84' lang='grc' dir='ltr'><strong><em>εἰ</em></strong></span> <span class='ocrx_word' id='word_1_153' title='bbox 2178 2406 2269 2498; x_wconf 89' lang='grc' dir='ltr'><strong><em>μή</em></strong></span> <span class='ocrx_word' id='word_1_154' title='bbox 2313 2414 2418 2486; x_wconf 90' lang='grc' dir='ltr'><strong><em>τίς</em></strong></span> 
     </span>
     <span class='ocr_line' id='line_1_22' title="bbox 239 2505 2410 2599; baseline 0 -23"><span class='ocrx_word' id='word_1_155' title='bbox 239 2507 392 2578; x_wconf 74' lang='grc' dir='ltr'><strong><em>ἐστι</em></strong></span> <span class='ocrx_word' id='word_1_156' title='bbox 418 2514 553 2580; x_wconf 78' lang='grc' dir='ltr'><strong><em>τῶν</em></strong></span> <span class='ocrx_word' id='word_1_157' title='bbox 584 2512 765 2580; x_wconf 87' lang='grc' dir='ltr'><strong><em>πάνυ</em></strong></span> <span class='ocrx_word' id='word_1_158' title='bbox 797 2506 1217 2599; x_wconf 72' lang='grc' dir='ltr'><strong><em>ἀπορρήτων.</em></strong></span> <span class='ocrx_word' id='word_1_159' title='bbox 1289 2516 1515 2578; x_wconf 82' lang='grc' dir='ltr'><strong><em>καίτοι</em></strong></span> <span class='ocrx_word' id='word_1_160' title='bbox 1544 2509 2010 2598; x_wconf 75' lang='grc' dir='ltr'><strong><em>ἐτελέσθημεν,</em></strong></span> <span class='ocrx_word' id='word_1_161' title='bbox 2052 2506 2147 2588; x_wconf 81' lang='grc' dir='ltr'><strong><em>ὥς</em></strong></span> <span class='ocrx_word' id='word_1_162' title='bbox 2179 2505 2410 2591; x_wconf 84' lang='grc' dir='ltr'><strong><em>οἶσθα,</em></strong></span> 
     </span>
     <span class='ocr_line' id='line_1_23' title="bbox 236 2613 1147 2700; baseline -0.003 -20"><span class='ocrx_word' id='word_1_163' title='bbox 236 2616 355 2681; x_wconf 85' lang='grc' dir='ltr'><strong><em>καὶ</em></strong></span> <span class='ocrx_word' id='word_1_164' title='bbox 401 2616 597 2699; x_wconf 80' lang='grc' dir='ltr'><strong><em>σιγᾶν</em></strong></span> <span class='ocrx_word' id='word_1_165' title='bbox 640 2613 1147 2700; x_wconf 85' lang='grc' dir='ltr'><strong><em>μεμαθήκαμεν.</em></strong></span> 
     </span>
    </p>

    <p class='ocr_par' dir='ltr' id='par_1_7' title="bbox 415 2708 2410 2801">
     <span class='ocr_line' id='line_1_24' title="bbox 415 2708 2410 2801; baseline -0.003 -18"><span class='ocrx_word' id='word_1_166' title='bbox 415 2720 758 2783; x_wconf 89' lang='grc' dir='ltr'><strong><em>ΑΔΕΙΜ.</em></strong></span> <span class='ocrx_word' id='word_1_167' title='bbox 794 2708 985 2782; x_wconf 77' lang='grc' dir='ltr'><strong><em>Ἀλλ’</em></strong></span> <span class='ocrx_word' id='word_1_168' title='bbox 1039 2713 1438 2799; x_wconf 84' lang='grc' dir='ltr'><strong><em>αἰσχύνομαι</em></strong></span> <span class='ocrx_word' id='word_1_169' title='bbox 1478 2714 1681 2801; x_wconf 70' lang='grc' dir='ltr'><strong><em>ἔγωγε</em></strong></span> <span class='ocrx_word' id='word_1_170' title='bbox 1725 2713 1945 2781; x_wconf 82' lang='grc' dir='ltr'><strong><em>εἰπεῖν</em></strong></span> <span class='ocrx_word' id='word_1_171' title='bbox 1988 2711 2164 2798; x_wconf 84' lang='grc' dir='ltr'><strong><em>πρὸς</em></strong></span> <span class='ocrx_word' id='word_1_172' title='bbox 2205 2708 2410 2797; x_wconf 80' lang='grc' dir='ltr'><strong><em>ὖμᾶς·</em></strong></span> 
     </span>
    </p>

    <p class='ocr_par' dir='ltr' id='par_1_8' title="bbox 133 2808 2074 2906">
     <span class='ocr_line' id='line_1_25' title="bbox 133 2808 2074 2906; baseline -0.003 -22"><span class='ocrx_word' id='word_1_173' title='bbox 133 2827 220 2878; x_wconf 80' lang='grc'><strong><em>256</em></strong></span> <span class='ocrx_word' id='word_1_174' title='bbox 247 2808 426 2884; x_wconf 78' lang='grc' dir='ltr'><strong><em>οῦτω</em></strong></span> <span class='ocrx_word' id='word_1_175' title='bbox 469 2815 597 2905; x_wconf 75' lang='grc' dir='ltr'><strong><em>γὰρ</em></strong></span> <span class='ocrx_word' id='word_1_176' title='bbox 640 2817 1079 2906; x_wconf 80' lang='grc' dir='ltr'><strong><em>μειρακιῶδες</em></strong></span> <span class='ocrx_word' id='word_1_177' title='bbox 1121 2812 1276 2901; x_wconf 73' lang='grc' dir='ltr'><strong><em>ὑμῖν</em></strong></span> <span class='ocrx_word' id='word_1_178' title='bbox 1321 2815 1504 2895; x_wconf 85' lang='grc' dir='ltr'><strong><em>δόξει</em></strong></span> <span class='ocrx_word' id='word_1_179' title='bbox 1543 2816 1621 2883; x_wconf 88' lang='grc' dir='ltr'><strong><em>τὸ</em></strong></span> <span class='ocrx_word' id='word_1_180' title='bbox 1669 2814 2074 2903; x_wconf 85' lang='grc' dir='ltr'><strong><em>φρόντισμα.</em></strong></span> 
     </span>
    </p>

    <p class='ocr_par' dir='ltr' id='par_1_9' title="bbox 234 2909 2413 3209">
     <span class='ocr_line' id='line_1_26' title="bbox 413 2909 2412 3004; baseline -0.002 -17"><span class='ocrx_word' id='word_1_181' title='bbox 413 2928 491 2987; x_wconf 99' lang='grc' dir='ltr'><em>Λ</em></span> <span class='ocrx_word' id='word_1_182' title='bbox 502 2926 638 2988; x_wconf 86' lang='grc' dir='ltr'><strong><em>ΥΚ.</em></strong></span> <span class='ocrx_word' id='word_1_183' title='bbox 698 2922 877 2986; x_wconf 80' lang='grc' dir='ltr'><strong><em>Μῶν</em></strong></span> <span class='ocrx_word' id='word_1_184' title='bbox 932 2916 1248 3004; x_wconf 73' lang='grc' dir='ltr'><strong><em>ἐρωτικόν</em></strong></span> <span class='ocrx_word' id='word_1_185' title='bbox 1310 2916 1529 3000; x_wconf 76' lang='grc' dir='ltr'><strong><em>ἐστιν,·</em></strong></span> <span class='ocrx_word' id='word_1_186' title='bbox 1599 2909 1754 2983; x_wconf 81' lang='grc' dir='ltr'><strong><em>οῦδὲ</em></strong></span> <span class='ocrx_word' id='word_1_187' title='bbox 1820 2915 1947 3004; x_wconf 76' lang='grc' dir='ltr'><strong><em>γὰρ</em></strong></span> <span class='ocrx_word' id='word_1_188' title='bbox 2007 2909 2161 2985; x_wconf 79' lang='grc' dir='ltr'><strong><em>οῦδὲ</em></strong></span> <span class='ocrx_word' id='word_1_189' title='bbox 2214 2919 2412 2984; x_wconf 92' lang='grc' dir='ltr'><strong><em>τοῦτο</em></strong></span> 
     </span>
     <span class='ocr_line' id='line_1_27' title="bbox 238 3012 2413 3111; baseline -0 -23"><span class='ocrx_word' id='word_1_190' title='bbox 238 3017 568 3111; x_wconf 75' lang='grc' dir='ltr'><strong><em>ἀμυήτοις</em></strong></span> <span class='ocrx_word' id='word_1_191' title='bbox 623 3017 782 3110; x_wconf 78' lang='grc' dir='ltr'><strong><em>ἡμῖν</em></strong></span> <span class='ocrx_word' id='word_1_192' title='bbox 836 3018 1321 3106; x_wconf 74' lang='grc' dir='ltr'><strong><em>ἐξαγορεύσεις,</em></strong></span> <span class='ocrx_word' id='word_1_193' title='bbox 1381 3012 1554 3086; x_wconf 74' lang='grc' dir='ltr'><strong><em>ἀλλὰ</em></strong></span> <span class='ocrx_word' id='word_1_194' title='bbox 1612 3014 1747 3086; x_wconf 76' lang='grc' dir='ltr'><strong><em>ὑπὸ</em></strong></span> <span class='ocrx_word' id='word_1_195' title='bbox 1802 3020 2086 3108; x_wconf 80' lang='grc' dir='ltr'><strong><em>λαμπρᾷ</em></strong></span> <span class='ocrx_word' id='word_1_196' title='bbox 2127 3021 2210 3108; x_wconf 99' lang='lat' dir='ltr'><strong><em>vy}</em></strong></span> <span class='ocrx_word' id='word_1_197' title='bbox 2256 3017 2413 3087; x_wconf 87' lang='grc' dir='ltr'><strong><em>δαδὶ</em></strong></span> 
     </span>
     <span class='ocr_line' id='line_1_28' title="bbox 234 3118 1194 3209; baseline -0.002 -17"><span class='ocrx_word' id='word_1_198' title='bbox 234 3128 355 3192; x_wconf 84' lang='grc' dir='ltr'><strong><em>καὶ</em></strong></span> <span class='ocrx_word' id='word_1_199' title='bbox 401 3118 633 3204; x_wconf 72' lang='grc' dir='ltr'><strong><em>αὐτοῖς</em></strong></span> <span class='ocrx_word' id='word_1_200' title='bbox 675 3125 1194 3209; x_wconf 84' lang='grc' dir='ltr'><strong><em>τετελεσμένοις.</em></strong></span> 
     </span>
    </p>

    <p class='ocr_par' dir='ltr' id='par_1_10' title="bbox 232 3209 2516 3623">
     <span class='ocr_line' id='line_1_29' title="bbox 417 3209 2516 3309; baseline -0.002 -13"><span class='ocrx_word' id='word_1_201' title='bbox 417 3232 516 3296; x_wconf 87' lang='grc'><strong><em>12.</em></strong></span> <span class='ocrx_word' id='word_1_202' title='bbox 559 3230 904 3295; x_wconf 82' lang='grc' dir='ltr'><strong><em>ΑΔΕΙΜ.</em></strong></span> <span class='ocrx_word' id='word_1_203' title='bbox 971 3220 1214 3306; x_wconf 81' lang='grc' dir='ltr'><strong><em>Οῦδέν,</em></strong></span> <span class='ocrx_word' id='word_1_204' title='bbox 1273 3209 1329 3291; x_wconf 71' lang='grc' dir='ltr'><em>ὦ</em></span> <span class='ocrx_word' id='word_1_205' title='bbox 1382 3224 1763 3309; x_wconf 91' lang='grc' dir='ltr'><strong><em>θαυμάσιε,</em></strong></span> <span class='ocrx_word' id='word_1_206' title='bbox 1829 3228 2166 3307; x_wconf 89' lang='grc' dir='ltr'><strong><em>τοιοῦτον,</em></strong></span> <span class='ocrx_word' id='word_1_207' title='bbox 2235 3223 2403 3290; x_wconf 85' lang='grc' dir='ltr'><strong><em>α’λλά</em></strong></span> <span class='ocrx_word' id='word_1_208' title='bbox 2442 3236 2516 3293; x_wconf 75' lang='grc'><strong><em>12</em></strong></span> 
     </span>
     <span class='ocr_line' id='line_1_30' title="bbox 233 3320 2413 3415; baseline -0.002 -20"><span class='ocrx_word' id='word_1_209' title='bbox 233 3354 394 3396; x_wconf 89' lang='grc' dir='ltr'><strong><em>τινα</em></strong></span> <span class='ocrx_word' id='word_1_210' title='bbox 437 3330 736 3396; x_wconf 88' lang='grc' dir='ltr'><strong><em>πλοῦτον</em></strong></span> <span class='ocrx_word' id='word_1_211' title='bbox 780 3327 1049 3415; x_wconf 74' lang='grc' dir='ltr'><strong><em>ἐμαυτῷ</em></strong></span> <span class='ocrx_word' id='word_1_212' title='bbox 1105 3320 1648 3415; x_wconf 70' lang='grc' dir='ltr'><strong><em>ἀνεπλαττόμην,</em></strong></span> <span class='ocrx_word' id='word_1_213' title='bbox 1710 3325 1790 3415; x_wconf 74' lang='grc' dir='ltr'><strong><em>ἢν</em></strong></span> <span class='ocrx_word' id='word_1_214' title='bbox 1845 3324 2035 3412; x_wconf 87' lang='grc' dir='ltr'><strong><em>κενὴν</em></strong></span> <span class='ocrx_word' id='word_1_215' title='bbox 2078 3329 2413 3409; x_wconf 89' lang='grc' dir='ltr'><strong><em>μακαρίαν</em></strong></span> 
     </span>
     <span class='ocr_line' id='line_1_31' title="bbox 238 3423 2411 3516; baseline -0.004 -17"><span class='ocrx_word' id='word_1_216' title='bbox 238 3431 308 3499; x_wconf 82' lang='grc' dir='ltr'><strong><em>οἱ</em></strong></span> <span class='ocrx_word' id='word_1_217' title='bbox 354 3432 645 3499; x_wconf 85' lang='grc' dir='ltr'><strong><em>παλαιοὶ</em></strong></span> <span class='ocrx_word' id='word_1_218' title='bbox 687 3432 999 3511; x_wconf 85' lang='grc' dir='ltr'><strong><em>καλοῦσι,</em></strong></span> <span class='ocrx_word' id='word_1_219' title='bbox 1045 3436 1159 3497; x_wconf 90' lang='grc' dir='ltr'><strong><em>καί</em></strong></span> <span class='ocrx_word' id='word_1_220' title='bbox 1200 3454 1319 3513; x_wconf 92' lang='grc' dir='ltr'><strong><em>μοι</em></strong></span> <span class='ocrx_word' id='word_1_221' title='bbox 1364 3427 1433 3496; x_wconf 72' lang='grc' dir='ltr'><strong><em>ἐν</em></strong></span> <span class='ocrx_word' id='word_1_222' title='bbox 1482 3423 1656 3516; x_wconf 76' lang='grc' dir='ltr'><strong><em>ἀκμῇ</em></strong></span> <span class='ocrx_word' id='word_1_223' title='bbox 1698 3433 1817 3516; x_wconf 84' lang='grc' dir='ltr'><strong><em>τῆς</em></strong></span> <span class='ocrx_word' id='word_1_224' title='bbox 1861 3432 2257 3512; x_wconf 90' lang='grc' dir='ltr'><strong><em>περιουσίας</em></strong></span> <span class='ocrx_word' id='word_1_225' title='bbox 2299 3427 2411 3492; x_wconf 87' lang='grc' dir='ltr'><strong><em>καὶ</em></strong></span> 
     </span>
     <span class='ocr_line' id='line_1_32' title="bbox 232 3533 893 3623; baseline 0.002 -23"><span class='ocrx_word' id='word_1_226' title='bbox 232 3537 502 3623; x_wconf 88' lang='grc' dir='ltr'><strong><em>τρυφῆς</em></strong></span> <span class='ocrx_word' id='word_1_227' title='bbox 548 3533 893 3622; x_wconf 77' lang='grc' dir='ltr'><strong><em>ἐπέστητε.</em></strong></span> 
     </span>
    </p>

    <p class='ocr_par' dir='ltr' id='par_1_11' title="bbox 237 3624 2411 3929">
     <span class='ocr_line' id='line_1_33' title="bbox 410 3624 2411 3721; baseline -0.005 -16"><span class='ocrx_word' id='word_1_228' title='bbox 410 3643 634 3705; x_wconf 91' lang='grc' dir='ltr'><em>ΛΥΚ.</em></span> <span class='ocrx_word' id='word_1_229' title='bbox 688 3633 943 3706; x_wconf 78' lang='grc' dir='ltr'><strong><em>Οὐκοῦν</em></strong></span> <span class='ocrx_word' id='word_1_230' title='bbox 971 3633 1049 3703; x_wconf 84' lang='grc' dir='ltr'><strong><em>τὸ</em></strong></span> <span class='ocrx_word' id='word_1_231' title='bbox 1094 3633 1623 3721; x_wconf 86' lang='grc' dir='ltr'><strong><em>προχειρότατον</em></strong></span> <span class='ocrx_word' id='word_1_232' title='bbox 1665 3637 1884 3712; x_wconf 90' lang='grc' dir='ltr'><strong><em>τοῦτο,</em></strong></span> <span class='ocrx_word' id='word_1_233' title='bbox 1929 3628 2151 3708; x_wconf 82' lang='grc' dir='ltr'><strong><em>κοινὸς</em></strong></span> <span class='ocrx_word' id='word_1_234' title='bbox 2172 3624 2411 3717; x_wconf 79' lang='grc' dir='ltr'><strong><em>Ἑρμᾶς</em></strong></span> 
     </span>
     <span class='ocr_line' id='line_1_34' title="bbox 237 3726 2411 3828; baseline -0.005 -20"><span class='ocrx_word' id='word_1_235' title='bbox 237 3763 435 3828; x_wconf 91' lang='grc' dir='ltr'><strong><em>φασι,</em></strong></span> <span class='ocrx_word' id='word_1_236' title='bbox 471 3742 585 3808; x_wconf 86' lang='grc' dir='ltr'><strong><em>καὶ</em></strong></span> <span class='ocrx_word' id='word_1_237' title='bbox 610 3738 679 3819; x_wconf 72' lang='grc' dir='ltr'><strong><em>ἐς</em></strong></span> <span class='ocrx_word' id='word_1_238' title='bbox 699 3749 910 3825; x_wconf 81' lang='grc' dir='ltr'><strong><em>μέσον</em></strong></span> <span class='ocrx_word' id='word_1_239' title='bbox 930 3740 1291 3806; x_wconf 89' lang='grc' dir='ltr'><strong><em>κατατίθει</em></strong></span> <span class='ocrx_word' id='word_1_240' title='bbox 1315 3741 1541 3826; x_wconf 87' lang='grc' dir='ltr'><strong><em>φέρων</em></strong></span> <span class='ocrx_word' id='word_1_241' title='bbox 1560 3734 1679 3803; x_wconf 87' lang='grc' dir='ltr'><strong><em>τὸν</em></strong></span> <span class='ocrx_word' id='word_1_242' title='bbox 1702 3735 2027 3801; x_wconf 87' lang='grc' dir='ltr'><strong><em>πλοῦτον·</em></strong></span> <span class='ocrx_word' id='word_1_243' title='bbox 2073 3726 2263 3811; x_wconf 84' lang='grc' dir='ltr'><strong><em>αξιον</em></strong></span> <span class='ocrx_word' id='word_1_244' title='bbox 2284 3731 2411 3818; x_wconf 80' lang='grc' dir='ltr'><strong><em>γὰρ</em></strong></span> 
     </span>
     <span class='ocr_line' id='line_1_35' title="bbox 239 3829 2409 3962; baseline -0.005 -52"><span class='ocrx_word' id='word_1_245' title='bbox 239 3835 640 3910; x_wconf 80' lang='grc' dir='ltr'><strong><em>άπολαῦσαι</em></strong></span> <span class='ocrx_word' id='word_1_246' title='bbox 677 3840 752 3909; x_wconf 85' lang='grc' dir='ltr'><strong><em>τὸ</em></strong></span> <span class='ocrx_word' id='word_1_247' title='bbox 785 3846 989 3928; x_wconf 86' lang='grc' dir='ltr'><strong><em>μέρος</em></strong></span> <span class='ocrx_word' id='word_1_248' title='bbox 1019 3834 1339 3929; x_wconf 77' lang='grc' dir='ltr'><strong><em>φίλους”</em></strong></span> <span class='ocrx_word' id='word_1_249' title='bbox 1298 3862 1503 3962; x_wconf 60' lang='grc' dir='ltr'><strong><em>οντας</em></strong></span> <span class='ocrx_word' id='word_1_250' title='bbox 1531 3840 1650 3924; x_wconf 85' lang='grc' dir='ltr'><strong><em>τῆς</em></strong></span> <span class='ocrx_word' id='word_1_251' title='bbox 1664 3829 2108 3920; x_wconf 78' lang='grc' dir='ltr'><strong><em>Ἀδειμάντου</em></strong></span> <span class='ocrx_word' id='word_1_252' title='bbox 2100 3838 2409 3958; x_wconf 87' lang='grc' dir='ltr'><strong><em>τρυφῆς.</em></strong></span> 
     </span>
    </p>

    <p class='ocr_par' dir='ltr' id='par_1_12' title="bbox 410 3932 2409 4031">
     <span class='ocr_line' id='line_1_36' title="bbox 410 3932 2409 4031; baseline -0.006 -19"><span class='ocrx_word' id='word_1_253' title='bbox 410 3949 753 4012; x_wconf 89' lang='grc' dir='ltr'><strong><em>ΑΔΕΙΜ.</em></strong></span> <span class='ocrx_word' id='word_1_254' title='bbox 792 3940 1266 4031; x_wconf 81' lang='grc' dir='ltr'><strong><em>Ἀπελείφθην</em></strong></span> <span class='ocrx_word' id='word_1_255' title='bbox 1302 3936 1491 4027; x_wconf 72' lang='grc' dir='ltr'><strong><em>μὲνε</em></strong></span> <span class='ocrx_word' id='word_1_256' title='bbox 1454 3943 1640 4025; x_wconf 81' lang='grc' dir='ltr'><strong><em>υμῶν</em></strong></span> <span class='ocrx_word' id='word_1_257' title='bbox 1684 3932 1891 4018; x_wconf 81' lang='grc' dir='ltr'><strong><em>εῦθὺς</em></strong></span> <span class='ocrx_word' id='word_1_258' title='bbox 1935 3936 2003 4005; x_wconf 77' lang='grc' dir='ltr'><strong><em>ἐν</em></strong></span> <span class='ocrx_word' id='word_1_259' title='bbox 2046 3938 2131 4026; x_wconf 85' lang='grc' dir='ltr'><strong><em>τῇ</em></strong></span> <span class='ocrx_word' id='word_1_260' title='bbox 2176 3934 2409 4023; x_wconf 78' lang='grc' dir='ltr'><strong><em>πρώτῃ</em></strong></span> 
     </span>
    </p>
   </div>
   <div class='ocr_carea' id='block_1_3' title="bbox 239 4034 2410 4200">
    <p class='ocr_par' dir='ltr' id='par_1_13' title="bbox 239 4034 2410 4200">
     <span class='ocr_line' id='line_1_37' title="bbox 239 4034 2410 4133; baseline -0.005 -20"><span class='ocrx_word' id='word_1_261' title='bbox 239 4045 308 4124; x_wconf 75' lang='grc' dir='ltr'><strong><em>ἐς</em></strong></span> <span class='ocrx_word' id='word_1_262' title='bbox 348 4046 472 4133; x_wconf 89' lang='grc' dir='ltr'><strong><em>τὴν</em></strong></span> <span class='ocrx_word' id='word_1_263' title='bbox 533 4050 694 4114; x_wconf 83' lang='grc' dir='ltr'><strong><em>ναῦν</em></strong></span> <span class='ocrx_word' id='word_1_264' title='bbox 754 4040 1100 4130; x_wconf 75' lang='grc' dir='ltr'><strong><em>ἐπιβάσει,</em></strong></span> <span class='ocrx_word' id='word_1_265' title='bbox 1149 4043 1299 4111; x_wconf 78' lang='grc' dir='ltr'><strong><em>ἐπεὶ</em></strong></span> <span class='ocrx_word' id='word_1_266' title='bbox 1346 4047 1442 4125; x_wconf 86' lang='grc' dir='ltr'><strong><em>σέ,</em></strong></span> <span class='ocrx_word' id='word_1_267' title='bbox 1489 4067 1543 4107; x_wconf 91' lang='grc' dir='ltr'><strong><em>ω</em></strong></span> <span class='ocrx_word' id='word_1_268' title='bbox 1587 4050 1871 4121; x_wconf 88' lang='grc' dir='ltr'><strong><em>Λυκῖνε,</em></strong></span> <span class='ocrx_word' id='word_1_269' title='bbox 1924 4043 2297 4126; x_wconf 85' lang='grc' dir='ltr'><strong><em>κατέστησα</em></strong></span> <span class='ocrx_word' id='word_1_270' title='bbox 2341 4034 2410 4116; x_wconf 74' lang='grc' dir='ltr'><strong><em>ἐς</em></strong></span> 
     </span>
     <span class='ocr_line' id='line_1_38' title="bbox 340 4143 2101 4200; baseline -0.005 0"><span class='ocrx_word' id='word_1_271' title='bbox 340 4155 517 4200; x_wconf 70' lang='lat' dir='ltr'>Lucum</span> <span class='ocrx_word' id='word_1_272' title='bbox 541 4156 624 4200; x_wconf 85' lang='lat' dir='ltr'><strong><em>m.</em></strong></span> <span class='ocrx_word' id='word_1_273' title='bbox 2037 4143 2101 4192; x_wconf 84' lang='lat'><strong><em>12</em></strong></span> 
     </span>
    </p>
   </div>
   <div class='ocr_carea' id='block_1_4' title="bbox 2804 388 2814 954">
    <p class='ocr_par' dir='ltr' id='par_1_14' title="bbox 2804 388 2814 954">
     <span class='ocr_line' id='line_1_39' title="bbox 2804 388 2814 954; baseline 0 0"><span class='ocrx_word' id='word_1_274' title='bbox 2804 388 2814 954; x_wconf 95' lang='lat' dir='ltr'><strong><em> </em></strong></span> 
     </span>
    </p>
   </div>
  </div>
 </body>
</html>
