2867 4525
971 288 1295 343 ΠΑΤΡΙΔΟΣ
1329 287 1685 344 ΕΓΚΩΜΙΟΝ.
2303 288 2428 348 165

243 464 320 528 6.
367 461 479 527 καὶ
523 458 651 547 γὰρ
682 455 820 527 εἶδε
860 458 980 527 τὸν
1004 455 1194 548 ἥλιον
1225 462 1498 545 πρῶτον
1529 458 1803 538 ἕκαστος
1832 452 1971 526 ἇπὸ
2017 459 2137 546 τῆς
2178 465 2425 545 πατρί·
2458 462 2499 519 0

249 562 408 644 δος,
453 556 548 640 ῶς
592 563 707 628 καὶ
750 563 988 628 τοῦτον
1031 557 1149 627 τὸν
1191 560 1394 643 θεόν,
1455 560 1516 628 εἰ
1559 563 1672 629 καὶ
1714 559 1937 638 κοινός
1994 559 2206 644 ἐστιν,
2270 555 2422 628 ἀλλ’

253 649 377 731 οἶν
435 662 692 754 ἑκάστῳ
747 661 1150 747 νομίζεσθαι
1205 666 1526 750 πατρῷον
1592 661 1707 730 διὰ
1771 660 1894 751 τὴν
1958 663 2233 752 πρώτην
2286 661 2427 731 ἀπὸ

249 768 378 833 τοῦ
430 765 650 834 τόπου
705 769 915 833 θέαν·
975 767 1088 832 καὶ
1145 767 1377 853 φωνῆς
1439 769 1738 833 ἐνταῦθα
1794 760 2039 853 ἤρξατο
2098 764 2429 854 ἐπιχώρια

248 870 501 956 πρῶτα
545 868 771 935 λαλεῖν
813 866 1183 952 μανθάνων
1225 869 1338 933 καὶ
1390 865 1598 947 θεους
1642 866 2014 955 ἐγνώρισεν.
2104 866 2165 934 εἰ
2210 867 2284 934 δέ
2324 892 2430 946 τις

246 963 574 1059 τοιαύτης
630 968 823 1054 ἒλαχε
877 969 1237 1058 πατρίδος,
1296 964 1387 1047 ῶς
1430 967 1665 1054 ἑτέρας
1720 970 2048 1059 δεηθῆναι
2092 967 2265 1056 πρὸς
2307 968 2428 1059 τὴν

245 1075 393 1138 τῶν
436 1071 760 1156 μειζόνων
803 1072 1154 1153 παιδείαν,
1214 1065 1360 1138 ἄλλ’
1414 1096 1532 1138 ουν
1586 1071 1786 1155 ἐχέτω
1837 1073 1950 1140 καὶ
1992 1071 2250 1139 τούτων
2292 1074 2428 1139 τῶν

246 1174 739 1260 παιδευμάτων
780 1177 864 1262 τῇ
906 1173 1191 1259 πατρίδι
1216 1171 1338 1262 τὴν
1374 1172 1608 1261 χάριν·
1654 1168 1734 1241 οὗ
1775 1200 1901 1262 γαρ
1948 1201 2030 1242 αν
2075 1173 2428 1261 ἐγνώρισεν

248 1270 415 1344 οὐδὲ
455 1277 723 1355 πόλεως
765 1301 980 1360 ονομα
1022 1273 1114 1362 μὴ
1162 1273 1277 1343 δια
1319 1274 1441 1366 τὴν
1485 1276 1785 1360 πατρίδα
1830 1276 2033 1345 πόλιν
2078 1273 2253 1345 εἶναι
2294 1303 2427 1361 μα-

245 1381 425 1448 θών.
503 1386 561 1447 7.
606 1379 835 1446 πάντα
865 1378 958 1460 δέ,
1004 1373 1216 1462 οἶμαι,
1259 1378 1692 1463 παιδεύματα
1717 1382 1832 1447 καὶ
1859 1378 2238 1469 μαθήματα
2269 1380 2426 1446 συλ-
2460 1388 2494 1443 ‘2

248 1485 563 1570 λέγουσιν
620 1476 984 1569 ἅνθρωποι
1046 1486 1584 1570 χρησιμωτέρους
1658 1476 1900 1560 αὖτοὺς
1966 1475 2106 1549 ἇπό
2171 1479 2426 1548 τούτων

244 1598 408 1664 ταῖς
463 1590 750 1672 πατρίσι
801 1582 1452 1669 παρασκευάζοντες’
1507 1585 1795 1650 κτῶνται
1853 1583 1926 1651 δὲ
1967 1585 2079 1651 καὶ
2117 1582 2427 1672 χρήματα

248 1690 651 1777 φιλοτιμίας
708 1685 920 1753 ἕνεκεν
976 1689 1098 1772 τῆς
1153 1684 1222 1764 ἐς
1277 1684 1365 1755 τὰ
1419 1682 1613 1752 κοινά
1662 1687 1782 1774 τῆς
1825 1686 2157 1773 πατρίδος
2202 1686 2427 1755 δαπα-

247 1789 539 1878 νήματα.
610 1792 724 1857 καὶ
757 1787 1047 1868 εἰκότως,
1095 1782 1321 1871 οἶμαι·
1368 1787 1474 1855 δεῖ
1498 1784 1626 1875 γὰρ
1663 1780 1780 1854 οὒκ
1810 1782 2209 1874 ἀχαρίστους
2253 1786 2428 1859 εἶναι

244 1895 413 1970 τούς
437 1895 571 1959 τῶν
599 1896 931 1976 μεγίστων
960 1887 1276 1972 τυχόντας
1314 1885 1722 1977 εὐεργεσιῶν.
1798 1883 1954 1957 ἀλλ’
1990 1891 2051 1959 εἰ
2079 1906 2223 1971 τοῖς
2250 1890 2418 1960 καθ’

248 1993 370 2061 ἕνα
414 2018 521 2072 τις
576 1986 904 2076 ἀπονέμει
939 1990 1168 2077 χάριν,
1228 1982 1456 2077 ὥσπερ
1502 1990 1645 2061 ἐστὶ
1692 1992 1983 2077 δίκαιον,
2029 1993 2306 2064 ἐπειδᾶν
2353 1982 2425 2063 εὖ

247 2095 455 2183 πάθῃ
486 2093 663 2180 πρός
688 2117 891 2173 τινος,
935 2090 1109 2160 πολὺ
1138 2093 1393 2177 μᾶλλον
1422 2088 1749 2184 προσήκει
1776 2094 1897 2184 τὴν
1940 2097 2239 2183 πατρίδα
2282 2111 2426 2175 τοῖς

243 2197 668 2286 καθήκουσιν
728 2192 1171 2281 ἀμείβεσθαι·
1229 2195 1583 2276 κακώσεως
1638 2197 1760 2283 μὲν
1815 2196 1943 2286 γὰρ
2001 2203 2247 2286 γονέων
2293 2199 2425 2268 εἶσὶ

246 2300 454 2384 νόμοι
497 2297 688 2387 παρὰ
732 2312 884 2379 ταῖς
924 2296 1193 2381 πόλεσι,
1236 2296 1464 2385 κοινὴν
1509 2299 1582 2367 δὲ
1610 2301 1935 2389 προσήκει
1977 2301 2254 2369 πάντων
2296 2328 2424 2392 μη-

241 2408 414 2488 τέρα
456 2400 577 2492 τὴν
633 2401 937 2486 πατρίδα
992 2398 1284 2483 νομίζειν
1323 2401 1435 2467 καὶ
1485 2401 1887 2493 χαριστήρια
1928 2408 2202 2494 τροφῶν
2247 2400 2424 2473 ἀπο-

133 2516 224 2566 232
249 2502 520 2571 διδόναι
563 2505 675 2570 καὶ
716 2506 837 2593 τῆς
878 2506 1012 2571 τῶν
1056 2501 1279 2587 νόμων
1319 2495 1540 2569 αὐτῶν
1581 2502 1907 2590 γνώσεως.
1982 2509 2040 2574 8.
2088 2504 2298 2597 ὤφθη
2346 2507 2420 2575 δὲ
2454 2512 2493 2568 8

244 2599 475 2683 οὐδεὶς
519 2597 734 2684 οῧτως
791 2599 1113 2692 ἇμνήμων
1154 2607 1274 2690 τῆς
1317 2605 1684 2689 πατρίδος,
1743 2602 1836 2686 ῶς
1896 2606 1964 2676 ἐν
2010 2603 2176 2697 ἄλλῃ
2223 2605 2426 2677 πόλει

241 2707 607 2795 γενόμενος
665 2701 966 2793 ἀμελεῖν,
1036 2702 1190 2773 ἀλλ’
1252 2706 1325 2773 οἵ
1382 2729 1458 2772 τε
1514 2711 2090 2795 κακοπραγοῦντες
2145 2710 2214 2777 ἐν
2271 2726 2425 2790 ταῖς

247 2803 680 2899 ἀποδημίαις
735 2812 1021 2893 συνεχῶς
1079 2802 1527 2876 ἀνακαλοῦσιν
1586 2804 1678 2887 ῶς
1720 2814 2034 2896 μέγιστον
2076 2821 2212 2879 τῶν
2257 2806 2423 2931 ἇγα-

245 2915 401 2981 θῶν
459 2909 500 3001 ἦ
544 2918 829 2999 πατρίς,
876 2911 950 2979 οἵ
986 2935 1063 2978 τε
1105 2902 1673 2994 εὖδαιμονοῦντες,
1722 2938 1803 2978 αν
1846 2913 1959 2980 καὶ
2002 2911 2086 2979 τὰ
2133 2910 2305 2981 άλλα
2350 2939 2422 2982 ευ

245 3014 642 3101 πράττωσι,
700 3017 899 3081 τοῦτο
955 3015 1113 3100 γοῦν
1173 3006 1401 3091 αυτοῖς
1455 3016 1770 3099 μέγιστον
1824 3012 2035 3082 ἐνδεῖν
2078 3016 2424 3101 νομίζουσι

245 3116 328 3184 τὸ
399 3115 490 3204 μὴ
559 3115 681 3203 τὴν
753 3115 1056 3200 πατρίδα
1121 3114 1359 3197 οἰκεῖν,
1437 3110 1608 3181 ἀλλὰ
1678 3114 2062 3194 ξενιτεύειν
2167 3113 2425 3196 ονειδος

242 3217 378 3341 γὰρ
423 3218 503 3286 τὸ
550 3221 672 3306 τῆς
717 3218 1059 3298 ξενιτείας.
1142 3220 1254 3285 καὶ
1298 3242 1459 3296 τους
1499 3217 1667 3285 κατὰ
1712 3216 1831 3286 τὸν
1873 3223 1992 3309 τῆς
2036 3216 2427 3310 ἀποδημίας

242 3320 494 3407 χρόνον
560 3320 913 3408 λαμπροὺς
970 3324 1361 3407 γενομένους
1417 3309 1462 3407 ἢ
1518 3318 1632 3387 διὰ
1683 3321 2042 3409 χρημάτων
2055 3326 2344 3447 Μκτῆσιν
2382 3313 2425 3410 ἢ

246 3421 367 3491 διὰ
437 3425 636 3509 τιμῆς
708 3421 910 3501 δόξαν
963 3412 1010 3509 ἢ
1064 3419 1178 3488 διὰ
1245 3421 1566 3501 παιδείας
1618 3427 1990 3506 μαρτυρίαν
2045 3412 2090 3511 ἢ
2147 3418 2239 3490 δι’
2307 3450 2422 3491 αν-

249 3525 485 3613 δρείας
540 3524 886 3592 ἒπαινον’
866 3523 1048 3592 ε’στιν
1094 3522 1263 3591 ἰδεῖν
1309 3521 1377 3603 ἐς
1418 3521 1539 3612 τὴν
1583 3524 1884 3610 πατρίδα
1927 3524 2191 3602 πάντας
2236 3523 2422 3593 ἒπει-

247 3630 611 3713 γομένους,
670 3621 764 3705 ῶς
816 3620 935 3694 οὗκ
980 3616 1062 3695 ὃν
1109 3624 1177 3693 ἐν
1223 3620 1454 3702 ἄλλοις
1495 3625 1836 3710 βελτίοσιν
1881 3624 2424 3710 ἕπιδειξομένους

243 3726 334 3794 τὰ
384 3723 605 3794 αὖτῶν
663 3727 867 3795 καλά’
955 3730 1067 3796 καὶ
1119 3724 1423 3814 τοσούτῳ
1473 3750 1551 3813 γε
1592 3728 1848 3811 μᾶλλον
1893 3725 2169 3806 ε’καστος
2215 3728 2422 3796 σπεύ-

252 3830 362 3897 δει
423 3831 764 3912 λαβέσθαι
817 3832 938 3918 τῆς
994 3829 1351 3915 πατρίδος,
1420 3819 1695 3914 ὁσῳπερ
1753 3854 1837 3895 αν
1893 3833 2228 3950 φαίνηται
2274 3856 2422 3915 μει-

249 3931 465 4013 ζόνων
524 3925 696 4019 παρ’
763 3927 993 4010 αλλοις
1047 3924 1439 4019 ἠξιωμένος.
1531 3935 1586 3998 9.
1635 3928 1928 4020 ποθεινὴ
1982 3930 2104 4015 μὲν
2150 3956 2265 4000 ουν
2307 3934 2418 3999 καὶ
2454 3939 2495 3994 9

247 4039 431 4114 νέοις
486 4039 770 4119 πατρίς·
857 4047 1001 4111 τοῖς
1058 4033 1130 4099 δὲ
1188 4028 1312 4120 η’δη
1356 4031 1788 4121 γεγηρακόσιν
1831 4024 1973 4120 όσῳ
2018 4034 2255 4100 πλεῖον
2298 4036 2420 4099 τοῦ
