2867 4525
447 250 528 306 34
1248 292 1257 303 .
1337 246 1748 312 [ΛοΥκιΑΝοη

621 421 843 485 ΠΛΡ.
920 410 1053 493 Οἷς
1118 420 1374 500 μέντοι,
1417 403 1498 481 ’ὦ
1559 416 1880 503 Τυχιάδη,
1948 418 2057 482 καὶ
2126 415 2204 482 σύ
2268 414 2609 502 γινώσκων

445 517 771 606 ὑποκρίνῃ
846 511 1105 604 ἀγνοεῖν
1174 516 1348 605 πρὸς
1415 516 1530 601 ἐμὲ
1592 543 1683 596 ως
1759 542 1943 597 τινος
2005 511 2237 597 αὐτοῖς
2300 518 2610 606 αἰσχύνης

451 622 766 690 ἐντεῦθεν
809 627 1213 711 γιγνομένης,
1262 614 1406 704 ούχὶ
1452 624 1671 705 τιμῆς.

625 732 688 789 Τ
693 730 832 790 YX
889 713 985 787 Οἵ)
1028 719 1124 804 μὰ
1168 717 1287 787 τὸν
1330 728 1500 803 Δία,
1560 751 1611 788 ω
1660 729 1918 808 Σίμων,
1967 716 2137 788 ἀλλὰ
2181 724 2290 789 καὶ
2339 721 2608 810 σφόδρα

448 823 687 911 ἀπορῶ
736 818 1043 900 οῗστινας
1086 849 1207 890 καν
1255 816 1475 909 εύροις
1521 825 1758 893 ειπεῖν.

616 932 835 994 ΠΛΡ.
886 913 960 993 Ὦ
1015 937 1300 1013 γενναῖε,
1362 927 1456 994 σύ
1501 954 1619 1012 μοι
1673 928 1890 1005 δοκεῖς
1944 921 2223 1015 ἀνήκοος
2279 888 2451 993 εἶναι
2491 929 2606 991 καὶ

445 1034 580 1097 τῶν
635 1024 1168 1117 ἀναγραψάντων
1221 1054 1378 1108 τους
1423 1029 1688 1097 εκείνων
1731 1033 1974 1111 βίους,
2011 1026 2160 1094 επεὶ
2207 1026 2480 1105 πάντως
2525 1053 2611 1093 αν

449 1135 561 1199 καὶ
609 1131 975 1217 επιγνιῦναι
1020 1123 1332 1209 οὕστινας
1378 1133 1546 1217 λέγω
1594 1132 1849 1199 δύναιο.
2441 1171 2446 1175 ·

626 1241 830 1302 TYX.
876 1236 1015 1301 Καὶ
1058 1237 1290 1318 μέντοι
1335 1232 1409 1320 νὴ
1458 1231 1575 1301 τὸν
1600 1230 1928 1319 Ἡρακλέα
1973 1234 2184 1298 ποθῶ
2229 1230 2307 1317 δὴ
2344 1229 2611 1299 ἆκούειν

453 1344 633 1415 τίνες
677 1336 865 1403 εἰσίν.
1503 1372 1510 1380 -

617 1443 838 1505 ΠΛΡ.
899 1431 1056 1524 Ἐγώ
1126 1459 1236 1503 σοι
1303 1436 1499 1515 δείξω
1556 1438 1666 1503 καὶ
1724 1436 2062 1515 καταλέξω
2119 1432 2358 1513 αὐτοὺς
2409 1430 2614 1512 ὄντας

447 1535 589 1623 οὗχὶ
633 1540 790 1618 τοὺς
833 1538 1317 1629 φαυλοτάτους,
1367 1532 1521 1604 ἀλλ’
1572 1534 1664 1617 ὥς
1710 1537 1835 1625 ἐγώ
1870 1539 2063 1624 δοκῶ,
2108 1536 2265 1615 τοὺς
2296 1531 2614 1620 ἇρίστους

342 1653 416 1709 32
446 1645 556 1710 καὶ
591 1640 706 1720 οὓς
733 1640 977 1731 ἥκιστα
1008 1641 1088 1709 σύ
1129 1641 1279 1709 οἴει.
1342 1645 1445 1708 32.
1477 1639 1813 1730 Αἰσχίνης
1840 1644 2073 1725 μέντοι
2102 1635 2136 1706 ὃ
2170 1638 2613 1723 Σωκρατικός,

446 1738 642 1823 οὗτος
706 1740 741 1812 ὅ
811 1743 968 1823 τούς
1032 1742 1326 1829 μακρούς
1389 1747 1502 1810 καὶ
1558 1735 1865 1820 ἀστείους
1918 1740 2268 1828 διαλόγους
2317 1740 2613 1828 γράψας,

448 1840 564 1931 ἧκέ
614 1871 783 1912 ποτε
837 1846 904 1925 ἐς
961 1849 1268 1913 Σικελίαν
1325 1843 1615 1929 κομίζων
1674 1836 1940 1926 αὐτούς,
2014 1843 2080 1910 εἴ
2128 1868 2276 1922 πως
2337 1842 2613 1912 δύναιτο

444 1945 542 2014 δι’
619 1940 836 2013 αὖτιῦν
901 1950 1293 2033 γνωσθῆναι
1353 1951 1697 2033 Διονυσίῳ
1758 1949 1859 2033 τῷ
1920 1945 2249 2034 τυράννῳ,
2316 1948 2427 2012 καὶ
2492 1945 2613 2014 τὸν
2634 1965 2731 2016 861

457 2039 898 2135 Μιλτιάδην’
863 2047 1184 2134 αναγνούς
1205 2052 1315 2116 καὶ
1343 2046 1546 2126 δόξας
1561 2047 2058 2135 εὐδοκιμηκέναι
2079 2048 2166 2134 (†)
2187 2046 2488 2127 λοιπόν’
2460 2047 2615 2115 εκά-

446 2158 623 2239 θητο
655 2175 723 2216 εν
755 2149 1028 2235 Σικελίᾳ
1059 2153 1456 2236 παρασιτῶν
1477 2154 1821 2238 Διονυσίῳ
1855 2148 2012 2237 [καὶ]
2045 2162 2195 2227 ταῖς
2219 2150 2617 2237 Σωκράτους

354 2253 830 2341 38διατριβαῖς
874 2249 1219 2337 ἐρρῶσθαι
1268 2250 1555 2340 φράσας.
1628 2257 1728 2321 33.
1774 2260 1844 2321 τί
1880 2252 1973 2328 δέ,
2018 2253 2131 2319 καὶ
2154 2244 2615 2348 Ἀρίστιππος

448 2352 482 2423 ὅ
532 2362 912 2444 Κυρηναῖος
955 2349 1099 2436 οὐχὶ
1141 2357 1275 2420 τῶν
1321 2354 1613 2438 δοκίμων
1661 2361 1982 2444 φαίνεταί
2024 2377 2136 2422 σοι
2174 2355 2614 2445 φιλοσόφων,·

626 2463 834 2523 ΤΥΧ.
880 2457 1020 2521 Καὶ
1064 2454 1263 2521 πάνυ.

615 2561 835 2625 ΠΛΡ.
882 2559 1021 2624 Καὶ
1070 2550 1264 2635 οὗτος
1306 2562 1539 2641 μέντοι
1580 2556 1748 2625 κατὰ
1795 2557 1913 2625 τὸν
1962 2551 2163 2625 αὐτὸν
2203 2560 2440 2646 χρόνον
2467 2559 2610 2626 διέ-

443 2666 669 2750 τριβεν
737 2685 806 2727 εν
871 2658 1328 2777 Συρακούσαις
1393 2663 1793 2748 παρασιτῶν
1857 2664 2223 2747 Διονυσίῳ.
2334 2660 2613 2728 πάντων

443 2767 601 2850 γοῦν
646 2756 879 2847 ἆμέλει
921 2764 1056 2827 τῶν
1099 2768 1500 2847 παρασίτων
1548 2757 1750 2841 αυτὸς
1794 2755 2143 2851 ηὐδοκίμει
2173 2756 2339 2847 παρ’
2393 2760 2609 2851 αὐτῷ·

442 2869 554 2934 καὶ
600 2864 726 2951 γὰρ
772 2850 851 2952 ἦν
903 2865 1111 2931 πλέον
1164 2890 1233 2931 τι
1282 2866 1418 2930 τῶν
1478 2860 1698 2930 αλλων
1758 2863 1826 2942 ἒς
1880 2863 2002 2950 τὴν
2056 2869 2285 2954 τέχνην
2339 2866 2613 2952 ευφυής,

445 2959 621 3033 ω’στε
677 2964 833 3043 τοὺς
889 2957 1276 3050 ὀψοποιούς
1332 2961 1658 3053 ὁσημέραι
1719 2964 1985 3050 έπεμπε
2042 2965 2231 3052 παρὰ
2289 2971 2527 3034 τοῦτον
2573 2965 2609 3035 ὅ

443 3065 810 3144 Διονύσιος
869 3058 961 3144 ω’ς
1013 3092 1083 3133 τι
1127 3060 1291 3154 παρ’
1344 3062 1549 3134 αὐτοῦ
1591 3073 2128 3156 μαθησομένους.
2218 3062 2411 3148 οὗτος
2451 3076 2616 3154 μέν-

357 3180 562 3236 34τοι
618 3168 801 3234 δοκεῖ
838 3170 951 3234 καὶ
994 3172 1329 3256 κοσμῆσαι
1370 3166 1491 3257 τὴν
1533 3173 1762 3256 τέχνην
1808 3164 2033 3250 ἀξίως.
2110 3177 2211 3240 34.
2244 3167 2280 3237 0‘
2315 3172 2388 3251 δὲ
2417 3173 2618 3239 Πλά-

448 3296 583 3337 των
642 3266 821 3353 ὖμῶν
881 3265 916 3333 ὅ
974 3269 1446 3355 γενναιότατος
1500 3273 1609 3337 καὶ
1670 3265 1870 3350 αὗτος
1924 3274 2046 3356 μὲν
2102 3268 2256 3361 ἧκεν
2313 3272 2381 3351 ἐς
2420 3279 2620 3341 Σικε-

449 3374 599 3439 λίαν
647 3369 762 3437 ἐπὶ
807 3370 1053 3457 τούτῳ,
1109 3374 1223 3438 καὶ
1269 3366 1503 3458 ὀλίγας
1546 3372 2020 3461 παρασιτήσας
2063 3370 2313 3463 ἡμέρας
2356 3379 2451 3462 τῷ
2496 3402 2621 3447 τυ-

449 3474 670 3560 ράννῳ
723 3472 867 3559 [τοῦ
912 3471 1337 3594 παρασιτεῖν]
1382 3472 1515 3541 ὑπὸ
1569 3468 1819 3563 ἆφυίας
1866 3474 2171 3557 εξέπεσε,
2228 3477 2339 3544 καὶ
2400 3476 2620 3546 πάλιν

439 3570 775 3660 Ἀθήναζε
833 3568 1242 3694 ἀφικόμενος
1296 3579 1409 3642 καὶ
1478 3576 1947 3665 φιλοπονήσας
2012 3581 2124 3646 καὶ
2181 3581 2622 3667 παρασκευά-

446 3699 570 3754 σας
637 3674 874 3742 εαυτὸν
931 3662 1136 3755 αυθις
1194 3676 1481 3764 δευτέρῳ
1526 3677 1746 3765 στόλῳ
1801 3678 2176 3746 επέπλευσε
2214 3706 2279 3748 τ
2255 3709 2294 3765 ,3
2339 3684 2656 3771 Σικελίᾳ.

443 3781 557 3844 καὶ
606 3776 972 3865 δειπνήσας
1016 3778 1225 3845 πάλιν
1257 3772 1489 3866 ὀλίγας
1517 3776 1766 3868 ημέρας
1796 3776 1930 3847 ὕπὸ
1967 3779 2276 3865 ἀμαθίας
2305 3781 2616 3862 ἐξέπεσε·
2640 3807 2738 3858 862

444 3881 556 3947 καὶ
609 3871 770 3967 αύτη
816 3875 856 3968 ἡ
903 3878 1216 3968 συμφορὰ
1256 3875 1579 3949 Πλάτωνι
1623 3884 1780 3966 περὶ
1822 3884 2130 3953 Σικελίαν
2178 3879 2382 3969 ομοία
2430 3886 2620 3956 δοκεῖ

446 3985 768 4066 γενέσθαι
813 3984 898 4068 τῇ
941 3988 1203 4049 Νικίου.
