2867 4525
458 253 490 309 1
500 251 580 309 66
1350 245 1729 300 ΔΟΥΚΙΑΝΟΥ

455 433 726 509 φρονεῖν
770 408 850 507 ἢν
894 431 1040 496 τοῖς
1083 422 1263 495 νέοις
1301 421 1594 503 μέτεστι,
1639 412 1941 500 τοσούτῳ
1984 414 2097 479 καὶ
2143 416 2399 480 πλείων
2448 411 2644 499 ἐγγί-

452 548 636 590 νεται
680 519 911 599 πόθος
954 516 1041 608 [ό]
1088 522 1207 609 τῆς
1250 518 1614 605 πατρίδος·
1675 516 1951 595 ἕκαστος
1991 517 2150 603 γοῦν
2179 519 2314 582 τῶν
2339 538 2641 602 γεγηρα-

450 624 665 693 κότων
719 625 834 691 καὶ
888 617 1170 690 σπεύδει
1219 623 1330 689 καὶ
1385 616 1650 704 εὔχεται
1705 619 2078 686 καταλῦσαι
2132 615 2250 686 τὸν
2303 622 2456 703 βίον
2506 615 2643 684 ἐπὶ

449 730 571 813 τῆς
623 724 982 811 πατρίδος,
1044 716 1177 805 ἵν’,
1237 722 1405 790 ὅθεν
1468 716 1714 812 ἤρξατο
1768 722 1994 804 βιοῦν,
2050 718 2349 788 ἐνταῦθα
2406 718 2648 787 πάλιν

449 829 561 896 καὶ
617 825 694 893 τὸ
752 829 952 910 σῶμα
1009 823 1587 913 παρακατάθηται
1638 825 1723 911 τῇ
1776 824 1863 910 yffi
1916 823 2001 910 τῇ
2058 825 2458 909 θρεψαμένῃ
2506 823 2643 888 καὶ

448 933 583 997 τῶν
628 926 964 1014 πατρῴων
1008 925 1375 1015 κοινωνήσῃ
1419 924 1696 1014 τάφων·
1771 922 1991 991 δεινὸν
2032 922 2160 1012 γὰρ
2204 923 2462 1011 ἑκάστῳ
2514 922 2643 990 do-

448 1045 552 1100 κεῖ
616 1030 837 1110 ξενίας
902 1025 1308 1097 ἁλίσκεσθαι
1362 1030 1475 1096 καὶ
1531 1025 1703 1112 μετὰ
1758 1025 2094 1108 θάνατον,
2169 1026 2238 1093 ἓν
2293 1020 2644 1115 ἀλλοτρίᾳ

346 1147 422 1203 10
456 1138 736 1220 κειμένῳ
786 1134 891 1221 γῇ.
984 1137 1081 1198 10.
1128 1129 1289 1198 ὅσον
1346 1131 1419 1199 δὲ
1461 1133 1583 1220 τῆς
1625 1128 1889 1207 εὐνοίας
1929 1131 2050 1218 τῆς
2093 1128 2268 1216 πρὸς
2309 1127 2434 1209 τὰς
2473 1143 2749 1195 στα-233

444 1237 682 1323 τρίδας
722 1238 994 1318 μέτεστι
1033 1244 1179 1311 τοῖς
1220 1225 1315 1310 ὥς
1358 1225 1639 1322 ἀληθῶς
1692 1237 1993 1320 γνησίοις
2034 1234 2354 1311 πολίταις
2396 1229 2643 1315 μάθοι
2842 1233 2843 1242 ’

445 1362 553 1418 τις
602 1327 683 1403 ἂν
728 1334 799 1403 ἐκ
840 1338 974 1402 τῶν
1020 1327 1487 1419 αὐτοχθόνων·
1577 1335 1645 1402 οἱ
1687 1333 1811 1419 μὲν
1852 1332 1981 1421 γὰρ
2027 1333 2353 1422 ἐπήλυδες
2393 1332 2644 1400 καθά·-

448 1465 578 1526 περ
643 1437 847 1507 νόθοι
906 1437 1148 1526 ῥᾳδίας
1205 1440 1566 1505 ποιοῦνται
1623 1434 1749 1515 τὰς
1802 1437 2332 1522 μεταναστάσεις
2370 1434 2450 1503 τὸ
2497 1435 2643 1520 μὲν

446 1545 569 1631 τῆς
612 1540 947 1627 πατρίδος
992 1535 1207 1624 ὄνομα
1251 1538 1418 1626 μήτε
1464 1537 1718 1616 εἰδότες
1760 1538 1931 1628 μήτε
1973 1549 2375 1627 στέργοντες,
2419 1532 2641 1624 ἡγού-

444 1669 638 1729 μενοι
702 1636 767 1710 δ’
835 1639 1231 1725 ἁπανταχοῦ
1283 1643 1421 1709 τῶν
1467 1638 1869 1729 ἐπιτηδείων
1913 1636 2334 1730 εὐπορήσειν,
2376 1644 2642 1726 μέτρον

447 1740 886 1829 εὐδαιμονίας
943 1742 1069 1821 τὰς
1124 1746 1244 1833 τῆς
1298 1741 1588 1831 γαστρὸς
1642 1739 1888 1833 ἡδονὰς
1925 1748 2310 1870 τιθέμενοι.
2398 1741 2503 1821 οἰς
2557 1743 2639 1810 δὲ

444 1851 557 1916 καὶ
611 1846 827 1936 μήτηρ
883 1840 924 1936 ἧ
985 1850 1270 1932 πατρίς,
1326 1840 1648 1932 αγαπῶσι
1707 1845 1829 1932 τὴν
1871 1849 1992 1933 γῆν
2037 1839 2146 1934 εφ’
2197 1839 2277 1935 ἧς
2321 1843 2635 1932 ἐγένοντο

446 1951 555 2017 καὶ
632 1947 1053 2035 ἐτράφησαν,
1125 1973 1247 2014 καν
1320 1940 1552 2035 ολίγην
1626 1946 1858 2031 ε’χωσι,
1931 1974 2055 2015 καν
2130 1960 2441 2034 τραχεῖαν
2507 1949 2633 2015 καὶ

448 2049 860 2138 λεπτόγεων·
927 2052 1041 2116 καὶ
1086 2039 1168 2117 άν
1215 2042 1527 2137 ἀπορῶσι
1567 2053 1689 2139 τῆς
1729 2052 1851 2139 γῆς
1896 2048 2256 2118 ἐπαινέσαι
2295 2048 2418 2136 τὴν
2464 2041 2631 2135 ἇρε·

444 2153 598 2243 τήν,
656 2156 791 2220 τῶν
843 2176 918 2238 γε
971 2145 1145 2238 ὑπὲρ
1202 2154 1322 2239 τῆς
1377 2153 1708 2239 πατρίδος
1752 2146 1871 2220 οὐκ
1914 2149 2377 2241 ἀπορήσουσιν
2422 2149 2630 2238 ἐγκω-

443 2263 642 2341 μίων.
705 2251 875 2322 ἀλλὰ
921 2255 1033 2321 καὶ
1082 2243 1164 2320 ὃν
1206 2252 1447 2323 ἰ’δωσιν
1491 2252 1756 2337 ἑτέρους
1797 2259 2320 2341 σεμνυνομένους
2347 2253 2624 2333 πεδίοις

449 2353 825 2441 ἀνειμένοις
903 2358 1017 2424 καὶ
1093 2357 1378 2441 λειμῶσι
1452 2371 1691 2444 φυτοῖς
1765 2358 2237 2436 παντοδαποῖς
2311 2357 2618 2446 διειλημ-

443 2463 705 2547 μένοις,
761 2461 875 2526 καὶ
933 2456 1124 2526 αὐτοὶ
1176 2462 1312 2525 τῶν
1366 2463 1488 2549 τῆς
1539 2460 1870 2545 πατρίδος
1913 2459 2255 2547 ἐγκωμίων
2300 2452 2419 2527 οὖκ
2464 2458 2617 2528 ἐπι·

446 2561 933 2644 λανθάνονται,
990 2559 1111 2650 τὴν
1166 2561 1238 2628 δὲ
1293 2561 1733 2651 ἱπποτρόφον
1787 2559 2245 2648 ὑπερορῶντες
2296 2560 2416 2650 τὴν
2458 2586 2616 2629 κου-

340 2678 408 2733 11
444 2663 780 2753 ροτρόφον
827 2662 1202 2732 επαινοῦσι.
1268 2671 1368 2732 11.
1411 2667 1527 2733 καὶ
1570 2665 1849 2732 σπεύδει
1892 2690 1997 2744 τις
2041 2665 2108 2743 ἐς
2136 2664 2257 2755 τὴν
2288 2663 2613 2751 πατρίδα,

442 2791 564 2834 καν
609 2765 933 2855 νησιώτης
975 2752 1055 2856 ᾗ·
1127 2768 1241 2834 καὶ
1274 2792 1355 2833 αν
1392 2760 1558 2854 παρ’
1598 2759 1831 2846 ἄλλοις
1862 2761 2283 2852 ευδαιμονεῖν
2315 2766 2613 2855 δύνηται.

440 2872 554 2937 καὶ
612 2868 966 2956 διδομένην
1022 2861 1413 2935 ἀθανασίαν
1469 2862 1547 2936 οὗ
1592 2868 2048 2959 προσήσεται,
2094 2870 2452 2957 προτιμῶν
2494 2866 2616 2934 τὸν

443 2970 561 3038 ἐπὶ
603 2973 723 3057 τῆς
767 2969 1095 3055 πατρίδος
1134 2965 1390 3059 τάφον·
1466 2974 1580 3039 καὶ
1624 2966 1661 3039 ὅ
1708 2974 1828 3058 τῆς
1858 2972 2190 3057 πατρίδος
2225 2964 2409 3057 αὐτῷ
2435 2994 2614 3037 καπ-

442 3071 556 3150 νὸς
630 3069 1097 3157 λαμπρότερος
1170 3066 1562 3162 ὀφθήσεται
1634 3075 1757 3140 τοῦ
1821 3066 1992 3160 παρ’
2073 3067 2306 3150 ἄλλοις
2378 3072 2617 3156 πυρός.

335 3189 409 3245 12
450 3179 549 3242 12.
596 3165 770 3240 οῧτω
825 3173 899 3239 δὲ
954 3168 1087 3258 ἄρα
1136 3178 1362 3257 τίμιον
1417 3170 1593 3242 εἶναι
1652 3174 1835 3243 δοκεῖ
1887 3173 2076 3261 παρὰ
2129 3178 2344 3243 πᾶσιν
2388 3170 2429 3263 ἦ
2476 3199 2616 3242 πα-

440 3281 604 3362 τρίς,
651 3267 827 3342 ὥστε
867 3276 981 3343 καὶ
1025 3272 1182 3355 τούς
1226 3279 1572 3360 πανταχοῦ
1617 3281 1998 3363 νομοθέτας
2042 3277 2182 3346 ἴδοι
2224 3301 2331 3356 τις
2376 3278 2459 3345 ἂν
2490 3276 2609 3346 ἐπὶ
2632 3291 2716 3341 234

437 3391 585 3457 τοῖς
625 3383 972 3464 μεγίστοις
1010 3371 1416 3468 ἀδικήμασιν
1454 3374 1546 3457 ὥς
1568 3379 2055 3468 χαλεπωτάτην
2086 3378 2617 3468 ἐπιβεβληκότας

436 3479 557 3570 τὴν
618 3478 835 3570 φυγὴν
899 3486 1253 3567 τιμωρίαν.
1340 3483 1454 3548 καὶ
1514 3474 1629 3564 οὐχ
1687 3481 1756 3548 οἱ
1811 3487 2183 3566 νομοθέται
2234 3482 2357 3566 μὲν
2403 3480 2616 3560 οὕτως

443 3581 724 3667 ἔχουσιν,
776 3583 844 3650 οἱ
893 3581 967 3648 δὲ
1010 3581 1490 3667 πιστευόμενοι
1531 3581 1655 3659 τὰς
1701 3590 2103 3672 στρατηγίας
2145 3581 2408 3670 ἑτέρως,
2454 3576 2608 3650 ἀλλ’

443 3682 514 3751 ἐν
557 3697 707 3763 ταῖς
749 3682 999 3768 μάχαις
1043 3685 1119 3753 τὸ
1166 3684 1482 3772 μέγιστόν
1528 3683 1671 3752 ἐστι
1699 3689 1835 3755 τῶν
1864 3683 2441 3773 παραγγελμάτων
2470 3699 2616 3764 τοῖς

437 3787 1101 3870 παραταττομένοις,
1160 3784 1250 3865 ὥς
1299 3782 1473 3872 ὑπὲρ
1530 3787 1863 3874 πατρίδος
1921 3782 2150 3866 αὐτοῖς
2193 3782 2230 3855 ὃ
2279 3786 2612 3873 πόλεμος·

447 3888 559 3953 καὶ
619 3877 840 3962 οὐδεὶς
903 3880 1092 3966 ὅστις
1149 3878 1232 3955 &v
1290 3888 1579 3967 α’κούσας
1629 3888 1868 3957 τούτου
1912 3887 2113 3967 κακὸς
2158 3885 2335 3958 εἶναι
2377 3892 2609 3958 θέλοι·

431 3998 639 4052 ποιεῖ
679 3983 808 4072 γὰρ
852 3989 961 4054 καὶ
1008 3987 1127 4057 τὸν
1167 3988 1388 4057 δειλὸν
1420 3986 1725 4076 ἀνδρεῖον
1755 3989 1830 4058 τὸ
1864 3995 1982 4078 τῆς
2012 3991 2343 4077 πατρίδος
2373 3986 2608 4076 ὄνομα.
