2867 4525
429 251 557 308 224
1154 245 1440 301 comeum
1474 244 1852 300 LECTIONES.

642 441 758 484 om.
801 416 871 482 Ω
915 453 1001 466 —-
1043 417 1406 504 προτόμιον
1460 416 1482 501 Ι
1534 426 1881 501 προτίμιον
1922 414 1993 479 Ω
2052 449 2136 462 -
2192 413 2539 497 συφόνουν
2596 412 2618 498 Ι

642 518 856 602 σοφὸν
877 525 933 588 A
966 527 1126 585 1324
1162 556 1235 568 -
1271 521 1408 605 ὀρχ.
1448 525 1515 588 δὲ
1538 519 1942 604 χειρόσοφον
1967 517 1990 603 Ι
2017 539 2136 583 om.
2166 524 2235 585 δὲ
2261 515 2352 600 Ω,
2378 518 2610 601 χειρίσ.

641 621 792 686 ΩΨ
839 659 922 671 -
962 620 1162 701 εὐθὺς
1201 620 1222 707 Ι
1265 622 1489 701 εὐθοῒς
1540 627 1701 685 1324
1744 656 1832 669 —
1875 614 2279 706 ποιητοῦΙῆ
2323 645 2391 686 π.
2423 616 2494 681 Ω
2525 652 2640 684 -.

644 721 1013 808 ἀκρότατον
1039 719 1062 809 Ι
1090 723 1335 809 ἅκρωτ.
1371 723 1453 786 Ψ
1481 759 1566 771 -
1598 722 2047 806 ἀναγίγνωσκε
2074 721 2093 806 Ι
2119 748 2225 804 γιν
2257 719 2407 784 ΩΨ
2447 726 2611 785 1324

648 863 732 877 --
761 820 809 910 ἢ
838 826 877 893 ὁ
916 833 1205 911 χαρίτων
1232 824 1428 910 Ιμηδ
1445 825 1461 849 ’
1488 824 1625 892 ΔΨ
1654 858 1741 873 —-
1768 825 2001 906 ὀλίγον
2045 850 2113 891 π.
2142 823 2330 908 ἡμῶν
2356 820 2379 910 Ι
2405 823 2611 909 ὀλίγῳ

645 929 726 992 Ψ
768 928 898 1012 πρὸ
940 928 1046 1013 ἣμ.
1087 927 1315 1010 ὀλίγον
1343 925 1414 990 Ω
1443 964 1531 975 -—
1557 926 1652 1007 ὡς
1679 932 1829 1011 ἔχῃς
1854 926 1875 1012 Ι
1905 925 2067 1009 ἔχεις
2093 930 2149 993 A
2189 932 2350 990 1324
2385 961 2467 973 -
2497 950 2613 991 κα·-

649 1028 1091 1115 ταχρήσασθαι
1130 1028 1151 1115 Ι
1192 1039 1634 1114 καταχρῆσθαι
1677 1027 1748 1092 Ω

437 1140 614 1198 ο.18.
641 1130 1029 1214 ὑποβάλωσι
1083 1130 1104 1217 Ι
1160 1129 1585 1213 {mmmmm
1630 1135 1686 1198 A
1739 1138 1900 1196 1324
1961 1124 2356 1212 ἀποβάλωσι
2400 1128 2481 1191 Ψ
2528 1165 2616 1177 -

649 1243 786 1301 τῶν
841 1244 981 1316 λογ.
1025 1234 1046 1317 Ι
1099 1254 1215 1298 om.
1272 1243 1410 1300 τῶν
1454 1232 1525 1297 Ω
1565 1268 1650 1281 —-
1692 1230 1733 1317 ᾖ
1775 1233 1797 1318 Ι
1842 1255 1958 1297 om.
2004 1232 2082 1294 Ψ
2139 1266 2223 1280 -
2277 1238 2553 1315 δυσχερῆ
2597 1227 2618 1314 Ι

653 1343 969 1420 ὁυσχερῆν
1020 1341 1180 1399 1324
1224 1371 1310 1384 -
1353 1335 1578 1421 εὐχερῆ
1619 1335 1638 1410 u
1681 1357 1797 1399 om.
1842 1332 2049 1402 ΔΩΨ
2100 1340 2263 1399 1324
2309 1370 2394 1382 -
2436 1330 2617 1411 ὅλως

645 1437 668 1523 Ι
710 1431 928 1518 ι’ἱλλως
971 1437 1050 1499 Ψ
1093 1472 1177 1485 --
1222 1440 1553 1517 ἑλομένων
1594 1436 1615 1522 ΙΙ
1656 1459 1775 1502 om.
1818 1435 2025 1504 ΔΩΨ
2064 1443 2225 1501 1324
2271 1471 2355 1482 -
2399 1439 2618 1514 ἑλομέ-

649 1566 791 1607 νων
848 1540 868 1624 ΙΙ
922 1542 1209 1619 ἑλομένω
1254 1539 1333 1602 Ψ
1392 1575 1478 1587 -—
1534 1545 1733 1624 μηδὲν
1787 1538 1882 1606 ἔτι
1923 1537 2243 1623 μελλήσας
2286 1538 2307 1622 Ι
2360 1564 2425 1618 μ.
2485 1540 2618 1603 ἐπι-

647 1647 968 1726 μέλλησας
1011 1645 1068 1709 A
1119 1667 1186 1721 μ.
1232 1646 1328 1708 ἔτι
1381 1639 1702 1726 μελλήσας
1744 1641 1822 1703 Ψ
1862 1640 1949 1726 μὴ
1992 1646 2302 1724 μέλησας,
2355 1661 2473 1704 om.
2519 1644 2617 1707 ἔτι

651 1741 722 1806 Ω
753 1747 1171 1828 ἐπιμέλλησαι
1210 1750 1371 1808 1324
1405 1780 1487 1791 --
1521 1750 1718 1828 μηδὲν
1764 1790 1781 1806 .
1826 1793 1844 1812 .
1893 1790 1909 1806 .
1955 1746 2357 1827 ἐπιμεληθεὶς
2399 1741 2419 1826 ΙΙ
2458 1747 2618 1825 μηδὲ

652 1845 733 1908 Ψ
751 1882 837 1895 —
859 1849 938 1912 ἐπ
954 1846 971 1869 ’
993 1846 1343 1931 α’καιρίμαν
1364 1854 1667 1928 γλῶτταν
1686 1844 1708 1929 Ι
1729 1850 1834 1913 ἐπὶ
1856 1854 2026 1930 ρῆμα
2046 1856 2142 1928 γλ.
2162 1845 2243 1908 Ψ
2266 1849 2619 1929 ἐπικερῆμα

654 1950 712 2012 A
742 1949 844 2013 ἐπὶ
865 1946 1206 2032 καιρήματι
1229 1957 1329 2030 γλ.
1348 1946 1417 2010 Ω
1441 1950 1544 2015 ἐπι
1570 1974 1641 2015 κε
1664 1951 1833 2032 ῥῆμα
1863 1954 2024 2012 1324
2050 1985 2135 1997 -
2154 1953 2352 2031 μηδὲν
2385 1994 2401 2010 .
2435 1993 2451 2009 .
2483 1949 2617 2012 ἐπι-

650 2058 872 2132 μεληθ.
906 2047 927 2134 Ι
951 2055 1106 2134 μηδὲ
1134 2049 1215 2112 Ψ
1245 2086 1330 2097 -
1374 2047 1593 2135 ὥσπερ
1624 2047 1647 2137 Ι
1673 2048 1832 2135 ὅπερ
1862 2049 1943 2112 Ψ
1973 2086 2056 2098 —-
2085 2048 2174 2117 τὸ·
2194 2058 2420 2133 τρίτον
2447 2048 2468 2132 ΙΙ
2500 2070 2618 2115 om.

655 2150 732 2218 τὸ
754 2152 833 2214 Ψ
861 2188 936 2199 -
962 2151 1040 2220 τὸ
1064 2162 1334 2236 πρῶτον
1361 2156 1506 2232 ἐμπ.
1528 2202 1545 2219 .
1568 2157 1853 2235 λεγέσθω
1882 2150 1903 2238 Ι
1931 2152 2009 2220 τὸ
2040 2151 2317 2232 ἐμπεσὸν
2346 2160 2620 2235 πρῶτον

659 2259 944 2336 λεγέσθω
976 2254 1056 2317 Ψ
1087 2289 1168 2302 --
1199 2253 1406 2340 κνήμῃ
1450 2253 1471 2341 Ι
1510 2263 1766 2340 κνημίδι
1797 2261 1854 2323 A
1889 2292 1975 2304 --
2004 2263 2113 2323 καὶ
2155 2255 2305 2335 Εθιβ.
2343 2256 2367 2339 ΙΙ
2399 2263 2511 2321 καὶ
2538 2252 2619 2321 τὰ

660 2359 732 2423 ἐν
764 2357 920 2437 Ἐκβ.
955 2355 1026 2420 Ω
1053 2393 1140 2404 -
1170 2360 1274 2423 ἐπὶ
1318 2367 1476 2424 πᾶσι
1520 2365 1587 2425 δὲ
1616 2358 1637 2444 Ι
1664 2361 1769 2425 ἐπὶ
1812 2364 1879 2425 δὲ
1917 2384 1984 2424 π.
2016 2359 2097 2422 Ψ
2125 2395 2211 2406 -
2241 2362 2620 2440 πεζευέσθω

654 2457 676 2542 Ι
719 2466 922 2542 παιζ.
968 2459 1047 2521 Ψ
1089 2496 1170 2508 -
1213 2467 1526 2544 Μηδικῶν
1566 2462 1588 2547 Ι
1629 2471 1968 2546 Περσικῶν
2011 2459 2082 2524 Ω
2129 2496 2205 2508 -
2265 2460 2301 2526 ὁ
2348 2468 2558 2527 Δεων.
2602 2460 2625 2544 Ι

659 2581 772 2624 om.
833 2562 870 2627 ὁ
913 2559 984 2624 Ω
1027 2597 1113 2610 -
1155 2565 1259 2629 ἐπὶ
1318 2572 1477 2631 πᾶσι
1533 2562 1614 2630 τὰ
1653 2562 1676 2648 Ι
1717 2590 1798 2631 τα
1855 2568 2173 2631 ἐπίπαστα
2216 2562 2352 2630 ΔΨ
2396 2599 2485 2611 -
2527 2561 2623 2629 τὰ

659 2663 760 2730 ὀλ.
800 2664 821 2746 Ι
864 2686 978 2728 om.
1033 2663 1113 2731 τὰ
1154 2664 1295 2730 ΑΨ
1339 2702 1424 2714 -
1468 2666 1567 2733 ὀλ.
1629 2668 1715 2734 ἐκ.
1778 2664 1799 2751 Ι
1853 2670 2065 2734 ἐκεῖνα
2120 2666 2307 2748 ὀλίγα
2352 2665 2492 2733 ΔΨ
2536 2699 2622 2712 —

661 2772 921 2849 συνεχὲς
959 2766 1037 2834 τὸ
1082 2762 1241 2835 ἅττα
1268 2766 1289 2853 Ι
1316 2767 1394 2835 τὸ
1425 2774 1684 2851 συνεχὲς
1721 2764 1883 2836 ἄττα
1921 2775 2081 2834 1324
2128 2805 2209 2816 -
2256 2772 2625 2835 ἐπανθείτω

656 2863 679 2953 Ι
725 2877 1132 2937 συνανθείτω
1175 2870 1312 2936 ΔΨ
1365 2877 1528 2935 1324

449 2991 503 3032 ο.
535 2978 631 3036 19.
661 2996 727 3036 π.
773 2989 875 3038 σοι
923 2970 1020 3056 ᾅδ.
1065 2971 1086 3055 Ι
1129 2993 1243 3035 om.
1289 2991 1392 3039 σοι
1423 2970 1495 3035 Ω
1523 3008 1608 3019 --
1636 2999 1800 3055 γιγν.
1844 2972 1865 3058 Ι
1908 3000 2028 3055 γιν.
2063 2972 2132 3036 Ω
2162 3008 2244 3020 -
2276 2971 2626 3058 λαρύγγιζε

660 3071 680 3154 Ι
719 3072 1028 3156 κελάρυζε
1074 3071 1143 3136 Ω
1187 3112 1273 3125 —
1316 3074 1677 3156 ἀγανάκτει
1718 3074 1739 3161 Ι
1783 3125 1797 3140 .
1844 3130 1858 3144 .
1908 3091 2195 3143 νακτεῖ
2232 3075 2295 3140 A

452 3194 504 3237 ο.
532 3180 632 3237 20.
663 3172 790 3239 α’πὸ
836 3176 982 3240 τῶν
1012 3178 1195 3243 Δευκ.
1229 3175 1401 3260 Ιτοῦ
1431 3177 1511 3239 Ψ
1551 3213 1635 3227 -
1663 3186 1795 3245 καὶ
1838 3178 2114 3257 μάλιστα
2157 3177 2177 3263 ΙΙ
2219 3183 2299 3245 οἳ
2338 3203 2405 3257 μ.
2436 3175 2508 3239 Ω
2540 3213 2628 3226 —

661 3275 790 3342 ὑπ’
834 3277 964 3360 ευ’γ.
1008 3275 1029 3362 Ι
1066 3276 1198 3345 ὑπὸ
1230 3277 1301 3342 Ω
1346 3315 1430 3328 -
1475 3279 1740 3362 δόξουσι
1770 3280 1789 3365 ΙΙ
1817 3279 2058 3362 δόξωσι
2088 3317 2172 3330 -
2200 3280 2287 3347 τὸ
2318 3299 2415 3363 σχ.
2445 3282 2466 3366 ΙΙ
2496 3288 2624 3347 καὶ

666 3376 737 3441 Ω
782 3415 864 3426 —·
908 3406 968 3447 κ.
1013 3380 1290 3462 βάδισμα
1331 3381 1352 3466 Ι
1393 3403 1507 3446 om.
1539 3380 1608 3445 Ω
1651 3419 1736 3431 -
1778 3383 2091 3469 τεθήπασι
2119 3382 2140 3468 Ι
2165 3382 2626 3463 θαυμάσονται

665 3479 734 3543 Ω
791 3517 877 3530 —
932 3481 1191 3565 ἔχουσιν
1232 3484 1252 3568 ΙΙ
1298 3481 1559 3564 ἕξουσιν
1604 3482 1673 3547 Ω
1732 3523 1817 3535 -
1875 3484 2299 3571 α’πιστήσουσι
2339 3485 2359 3571 ΙΙ
2406 3533 2422 3547 .
2468 3512 2511 3552 ν
2556 3482 2627 3546 Ω

666 3620 751 3630 -
795 3591 1191 3663 διαλείμμασι
1235 3584 1254 3669 ΙΙ
1301 3635 1316 3652 .
1362 3612 1401 3651 ν
1443 3584 1512 3648 Ω
1557 3623 1640 3634 —-
1684 3596 1831 3672 περὶ
1873 3587 1891 3673 ΙΙ
1934 3587 2097 3671 ὑπὲρ
2129 3585 2198 3650 Ω
2246 3622 2322 3635 -
2373 3596 2628 3654 σαυτοῦ

661 3683 683 3768 Ι
728 3685 935 3752 αὐτοῦ
963 3682 1114 3748 ΩΨ
1144 3721 1230 3736 —-
1258 3686 1684 3770 ὑπερεπαίνει
1711 3688 1731 3773 ΙΙ
1762 3736 1776 3752 .
1808 3742 1822 3757 .
1872 3698 2126 3757 παίνειν
2156 3695 2213 3756 A
2242 3725 2328 3736 —
2359 3689 2398 3755 ὃ
2430 3686 2627 3772 ἀγών

663 3783 686 3869 Ι
729 3783 936 3852 ὅλων
978 3788 1115 3853 ΔΨ
1166 3795 1326 3853 1324
1370 3788 1423 3851 Β

454 3907 510 3949 ο.
538 3892 639 3949 22.
671 3893 1114 3968 παραλέλοιπα
1154 3889 1174 3973 ΙΙ
1218 3897 1582 3974 παρέλιπον
1627 3892 1696 3956 Ω
1742 3931 1825 3943 -
1868 3889 1957 3977 ἢν
2000 3901 2118 3973 μέν
2159 3894 2181 3978 Ι
2222 3904 2360 3961 τῶν
2417 3898 2530 3974 lb?
2574 3893 2628 3957 B

34 3746 53 3793 ²2

33 3952 335 4253 Κ
672 3990 823 4072 εἴπῃ
865 3986 886 4072 Ι
927 3993 1093 4059 εἴποι
1137 3993 1216 4055 Ψ
1263 4030 1347 4041 -
1393 3995 1514 4076 οὐχ
1567 3998 1807 4063 ἑαυτοῦ
1849 3995 1869 4080 ΙΙ
1912 3998 2056 4079 οὐχὶ
2100 4000 2202 4081 (A)
2248 3998 2371 4065 οὐκ
2417 3998 2630 4065 αὐτοῦ

364 4304 453 4451 k
