2867 4525
361 227 485 287 168
1240 223 1617 279 Aornmor

357 396 583 464 πολλα
653 396 765 465 καὶ
837 394 960 475 τὰς
1024 392 1299 485 μορφὰς
1363 386 1697 461 ἀλλόκοτα
1757 393 1873 461 καὶ
1934 392 2055 461 τὸν
2121 390 2227 461 ἰόν
2291 389 2521 479 ἄμαχα

358 497 750 584 ἐπινέμεται
776 496 898 587 τὴν
924 500 1069 588 γῆν,
1096 495 1184 565 τὰ
1212 496 1336 583 μὲν
1363 491 1762 583 ὖποβρύχια,
1806 494 2198 584 φωλεύοντα
2226 493 2296 562 ἐν
2323 499 2515 582 μυχῷ
2535 508 2640 559 263

353 603 472 690 τῆς
512 599 820 687 ψάμμου,
865 598 952 668 τὰ
997 599 1070 668 δὲ
1099 593 1242 667 ἅνω
1273 596 1797 679 ἐπιπολάζοντα,
1844 595 2138 686 φύσαλοι
2165 598 2277 665 καὶ
2308 591 2525 664 ἀσπί-

357 702 466 784 δες
518 705 633 771 καὶ
687 701 942 787 ἔχιδναι
997 704 1109 770 καὶ
1153 702 1471 787 κεράσται
1512 701 1626 767 καὶ
1667 698 2124 787 βουπρήστεις
2162 702 2276 768 καὶ
2322 696 2522 768 ἀκον-

354 812 499 875 τίαι
553 805 668 876 καὶ
724 798 1182 894 ἀμφίσβαιναι
1234 805 1346 871 καὶ
1394 794 1748 891 δράκοντες
1787 803 1904 870 καὶ
1946 808 2290 888 σκορπίων
2329 807 2523 889 γένος

357 906 614 990 διττόν,
674 905 750 975 τὸ
809 906 934 991 μὲν
989 905 1214 993 ἕτερον
1270 904 1572 992 ἐπίγειόν
1614 929 1691 972 τε
1730 907 1845 973 καὶ
1885 901 2121 987 πεζόν,
2176 899 2522 992 ὖπέρμεγα

353 1010 468 1077 καὶ
538 1008 1130 1098 πολυσφόνδυλον,
1194 1008 1493 1096 θάτερον
1559 1007 1633 1075 δὲ
1699 1006 1999 1094 ἐναέριον
2060 1008 2175 1074 καὶ
2239 1006 2517 1096 πτηνόν,

355 1106 809 1199 ὖμενόπτερον
853 1110 927 1178 δὲ
973 1109 1088 1179 οἶα
1128 1124 1280 1190 ταῖς
1323 1104 1553 1198 ἀκρίσι
1592 1111 1705 1177 καὶ
1748 1109 1998 1189 τέττιξι
2040 1110 2154 1177 καὶ
2186 1115 2522 1195 νυκτερίσι

355 1211 440 1280 τὰ
470 1212 707 1297 πτερά.
766 1215 1048 1281 τοιαῦτα
1078 1207 1277 1300 ὄρνεα
1304 1210 1528 1280 πολλὰ
1560 1211 2019 1298 ἐπιπετόμενα
2048 1204 2167 1278 οόκ
2196 1203 2520 1298 εὖπρόσι-

284 1329 324 1384 4
358 1340 476 1383 τον
533 1311 980 1404 ἀπεργάζεται
1029 1314 1150 1404 τὴν
1191 1315 1464 1405 Λιβύην
1508 1313 1779 1403 ἐκείνην.
1866 1312 2048 1382 4.τό
2098 1312 2171 1381 δὲ
2218 1310 2297 1399 δὴ
2343 1312 2521 1382 πάν-

355 1442 491 1486 των
545 1415 845 1504 ἑρπετῶν
903 1417 1286 1487 δεινότατον
1330 1411 1426 1485 ὦν
1472 1412 1513 1504 ἦ
1560 1415 1845 1502 ψάμμος
1884 1419 2157 1503 τρέφει,
2215 1441 2255 1502 η
2304 1412 2521 1500 διψάς

355 1518 566 1603 ἐστιν,
634 1544 796 1609 οφις
862 1513 938 1587 οὗ
1005 1518 1185 1587 πάνυ
1250 1519 1485 1605 μέγας,
1553 1516 1772 1606 ἐχίδνῃ
1829 1514 2095 1602 όμοιος,
2162 1515 2240 1585 τὸ
2299 1518 2521 1607 δῆγμα

350 1627 611 1707 βίαιος,
667 1621 787 1691 τὸν
845 1620 951 1689 ἰὸν
993 1620 1224 1705 ταχύς,
1281 1616 1525 1700 ὀδύνας
1564 1620 1687 1705 μὲν
1732 1614 2055 1711 ἀλήκτους
2098 1618 2369 1708 ἐπάγων
2413 1612 2518 1687 εὖ·

352 1722 514 1803 θύς·
577 1722 825 1792 ἐκκαίει
865 1748 942 1790 τε
981 1720 1106 1811 γὰρ
1148 1725 1262 1790 καὶ
1291 1722 1498 1810 σήπει
1527 1724 1638 1790 καὶ
1667 1728 2125 1810 πίμπρασθαι
2154 1736 2361 1804 ποιεῖ,
2404 1724 2519 1790 καὶ

354 1828 611 1910 βοωσιν
659 1819 890 1910 ω’σπερ
935 1825 1004 1893 oz
1047 1823 1117 1893 ἐν
1144 1828 1331 1914 πυρᾷ
1359 1830 1673 1911 κείμενοι.
1745 1826 1823 1893 τὸ
1870 1826 1945 1894 δὲ
1986 1825 2285 1910 μάλιστα
2311 1850 2519 1892 κατα-

355 1933 608 1994 πονοῦν
672 1929 783 1996 καὶ
849 1929 1256 2015 κατατρῦχον
1318 1924 1562 2007 αὐτοὺς
1619 1921 1829 1996 ἐκεῖνό
1888 1925 2098 2009 ἐστιν,
2166 1922 2519 2013 ὁμώνυμον

354 2027 592 2108 πάθος
648 2031 745 2117 τῷ
803 2027 1096 2118 ἑρπετῷ·
1187 2030 1451 2116 διψῶσι
1500 2027 1628 2117 γὰρ
1673 2029 1771 2109 εἰς
1812 2025 2223 2118 ὖπερβολήν,
2280 2032 2388 2097 καὶ
2434 2029 2509 2097 τὸ
2537 2042 2634 2093 237

353 2130 926 2215 παραδοξότατον,
960 2130 1232 2221 ὅσῳπερ
1265 2122 1346 2199 ἀν
1375 2134 1586 2201 πλέον
1616 2137 1891 2215 πίνωσι,
1934 2132 2236 2220 τοσούτῳ
2265 2132 2521 2217 μᾶλλον

353 2224 701 2319 ὀρέγονται
729 2237 850 2303 τοῦ
879 2244 1114 2319 ποτοῦ,
1152 2237 1264 2304 καὶ
1293 2231 1332 2322 ἦ
1369 2234 1711 2322 ἐπιθυμία
1742 2233 1917 2303 πολὺ
1950 2236 2160 2304 πλέον
2190 2234 2517 2302 ἐπιτείνε-

351 2359 469 2401 ται
514 2328 773 2415 αύτοῖς·
820 2329 968 2405 οὐδ’
1022 2326 1104 2404 ἀν
1134 2333 1448 2424 σβέσειάς
1490 2363 1665 2406 ποτε
1706 2338 1783 2406 τὸ
1833 2340 2060 2425 δίψος,
2107 2330 2253 2406 οόδ’
2292 2327 2371 2426 ἢν
2397 2335 2518 2404 τὸν

355 2437 604 2505 Νεῖλον
648 2430 849 2506 αύτόν
889 2426 931 2529 ἢ
974 2438 1092 2508 τὸν
1122 2434 1380 2527 Ἴστρον
1425 2437 1584 2508 ὅλον
1628 2439 1884 2508 ἐκπιεῖν
1927 2438 2298 2528 παράσχῃς,
2343 2431 2517 2505 ἀλλὰ

351 2538 878 2624 προσεκκαύσεις
922 2540 1237 2631 ἐπάρδων
1280 2541 1403 2629 τὴν
1442 2542 1662 2631 νόσον,
1708 2534 1940 2627 ὥσπερ
1972 2532 2052 2608 ἀν
2083 2541 2151 2609 εἲ
2173 2565 2280 2619 τις
2309 2539 2516 2627 ἐλαίῳ

283 2657 322 2714 5
357 2644 496 2729 πῦρ
561 2643 1057 2728 κατασβεννύοι.
1160 2650 1220 2712 5.
1267 2646 1571 2731 λέγουσιν
1640 2643 1889 2732 ἰατρῶν
1957 2643 2200 2722 παῖδες
2266 2640 2518 2730 ἐκείνην

350 2741 476 2831 τήν
534 2743 761 2814 αἰτίαν
813 2743 1021 2828 εἶναι,
1077 2745 1297 2830 παχὺν
1351 2745 1472 2815 τὸν
1518 2745 1623 2815 ἰὸν
1668 2741 1831 2815 ὄντα
1876 2745 2116 2814 ἔπειτα
2160 2744 2516 2829 δευόμενον

351 2847 449 2933 τῷ
504 2850 701 2933 ποτῷ
760 2843 1141 2937 ὀξυκίνητον
1195 2854 1571 2936 γίγνεσθαι,
1614 2845 2002 2937 ὖγρότερον,
2060 2843 2154 2926 ὥς
2194 2845 2272 2916 τό
2320 2845 2515 2926 εἰκός,

349 2943 858 3034 καθιστάμενον
900 2951 1014 3017 καὶ
1058 2949 1174 3019 ἐπὶ
1217 2951 1540 3019 πλεῖστον
1585 2950 2032 3035 διαχεόμενον.

281 3065 322 3122 0
529 3056 590 3119 6.
630 3045 786 3169 Ἐγώ
860 3051 984 3135 μὲν
1057 3075 1174 3118 ουν
1247 3045 1490 3119 οὖδένα
1557 3055 1758 3119 τοῦτο
1831 3051 2241 3119 πεπονθότα
2312 3048 2513 3136 εἶδον,

351 3149 556 3238 μηδέ,
602 3176 655 3217 ω
702 3154 888 3229 θεοί,
934 3151 1153 3237 ἰ’δοιμι
1196 3143 1375 3219 οῗτω
1417 3153 1858 3239 κολαζόμενον
1901 3149 2305 3241 ανθρωπον,
2354 3146 2507 3220 ἀλλ’

355 3244 512 3319 ουδὲ
569 3249 816 3342 ἐπέβην
867 3258 989 3343 τῆς
1042 3253 1313 3344 Λιβύης
1366 3253 1444 3322 τὸ
1503 3255 1836 3342 παράπαν
1891 3281 1962 3325 ευ
2015 3259 2264 3323 ποιῶν·
2361 3253 2516 3322 ἐπί-

352 3379 627 3443 γραμμα
671 3355 746 3423 δέ
786 3381 855 3424 τι
897 3350 1166 3446 ἥκουσα,
1214 3353 1255 3425 ό
1296 3383 1418 3442 μοι
1453 3360 1588 3425 τῶν
1616 3357 1902 3446 ἑταίρων
1928 3383 2035 3438 τις
2063 3358 2284 3446 ἔλεγεν
2315 3352 2516 3436 αὐτὸς

352 3454 473 3525 ἐπὶ
521 3455 767 3545 στήλης
820 3452 1257 3545 ἀνεγνωκέναι
1302 3453 1548 3547 ἀνδρὸς
1589 3460 1803 3541 οὕτως
1846 3454 2356 3539 ἀποθανόντος·
2444 3458 2517 3525 ἐκ

348 3557 624 3648 Λιβύης
667 3559 797 3650 ἔφη
844 3552 1069 3630 ἀπιὼν
1114 3561 1211 3642 εἰς
1238 3562 1601 3649 Αἴγυπτον
1644 3561 1836 3650 παρὰ
1864 3562 1987 3652 τὴν
2020 3562 2313 3651 μεγάλην
2342 3560 2517 3646 Σύρ-

349 3685 456 3727 τιν
511 3667 875 3732 ποιεῖσθαι
915 3661 1036 3754 τὴν
1079 3669 1396 3750 πορείαν·
1484 3662 1561 3732 ού
1603 3663 1731 3753 γὰρ
1775 3662 1951 3734 εἶναι
1995 3661 2249 3744 ἄλλως·
2336 3664 2631 3732 ἔνθα238

352 3760 432 3851 δὴ
480 3762 679 3851 τάφῳ
725 3762 1013 3849 ἐντυχεῖν
1055 3764 1246 3853 παρὰ
1289 3764 1411 3854 τὴν
1452 3760 1652 3854 ἠϊόνα
1695 3762 1812 3836 ἐπ’
1850 3761 2035 3855 αύτῷ
2060 3770 2161 3855 τῷ
2187 3765 2518 3853 κλύσματι

349 3864 461 3931 καὶ
538 3864 780 3953 στήλην
849 3863 1215 3953 ἐφεστάναι
1272 3866 1606 3956 δηλοῦσαν
1662 3872 1780 3937 τοῦ
1836 3862 2128 3956 ὀλέθρου
2183 3867 2304 3936 τόν
2358 3867 2518 3949 τρό-

354 3987 521 4035 πον·
596 3965 1022 4053 κεκολάφθαι
1062 3968 1189 4056 γὰρ
1236 3963 1351 4036 ἐπ’
1403 3962 1576 4059 αύτῇ
1621 3966 1994 4057 ἄνθρωπον
2034 3972 2157 4056 μὲν
2185 3996 2341 4040 τινα
2370 3969 2518 4037 οἷον

356 4248 575 4464 k
