2867 4525
504 286 542 343 6
1396 283 1778 338 AorKlANor

502 557 905 627 δευσοποιὸν
949 560 1069 624 τοῦ
1116 555 1489 644 φαρμάκου,
1534 558 1666 622 τῶν
1709 555 1831 640 μὲν
1876 550 2098 623 ἄλλων
2128 558 2458 641 ἀμείνους,
2508 550 2664 625 ἀτε-

502 662 639 739 λεῖς
684 662 756 727 δὲ
801 660 985 745 ὅμως
1039 663 1150 727 καὶ
1193 659 1575 744 μιξόλευκοι
1628 661 1741 725 καὶ
1784 663 2287 746 κατεστιγμένοι
2328 661 2441 727 καὶ
2488 686 2661 746 παρ·
2682 673 2768 724 801

502 763 793 829 δαλωτοὶ
867 762 987 849 τὴν
1049 763 1276 848 χρόαν.
1390 761 1522 829 εἰσὶ
1591 759 1658 827 δ’
1721 764 1788 829 οἳ
1843 764 1955 828 καὶ
2010 760 2218 846 μόνον
2277 762 2665 846 ψαύσαντες

502 864 822 932 ἔκτοσθεν
865 868 985 933 τοῦ
1030 866 1304 955 λέβητος
1345 867 1460 932 καὶ
1513 858 1693 951 ἄκρῳ
1737 866 1836 950 τῷ
1880 862 2178 951 δακτύλῳ
2225 863 2663 950 ἐπιχρισάμε-

501 991 606 1034 νοι
647 970 769 1056 τῆς
812 960 1106 1051 ἀσβόλου
1154 968 1393 1046 ἱκανῶς
1440 967 1703 1034 οἴονται
1745 970 1857 1034 καὶ
1890 961 2077 1034 οὗτοι
2107 966 2660 1056 μεταβεβάφθαι.

502 1072 611 1136 σοὶ
654 1074 885 1154 μέντοι
931 1071 1131 1156 δῆλον
1175 1062 1284 1137 ὅτι
1325 1067 1498 1154 μετὰ
1542 1073 1676 1136 τῶν
1707 1064 2067 1156 ἀρίστωνῆ
2103 1068 2413 1156 διατριβὴ
2445 1067 2659 1137 ἔσται.

429 1181 468 1237 9
503 1180 563 1241 9.
611 1166 782 1239 ἀλλὰ
824 1170 1072 1256 μεταξὺ
1119 1172 1331 1258 λόγων
1360 1169 1487 1260 ἤδη
1520 1169 1974 1260 πλησιάζομεν
2003 1173 2088 1258 τῇ
2124 1162 2425 1260 Ἀττικῇ·
2484 1164 2663 1238 ὥστε

496 1273 573 1342 τὸ
621 1276 743 1358 μὲν
787 1277 1066 1343 Σούνιον
1118 1273 1188 1342 ἐν
1241 1273 1430 1362 δεξιᾷ
1485 1275 1994 1358 καταλίπωμεν,
2054 1271 2122 1351 ἐς
2174 1273 2247 1340 δὲ
2290 1272 2411 1361 τὴν
2457 1265 2658 1356 ἀκρό-

498 1380 700 1445 πολιν
769 1372 1246 1461 ἀπονεύσωμεν
1311 1370 1458 1465 ἤδη.
1564 1379 1678 1444 καὶ
1745 1374 2028 1459 ἐπείπερ
2093 1372 2657 1464 καταβεβήκαμεν,

501 1475 663 1566 αὐτὴ
717 1481 840 1564 μὲν
898 1478 1196 1547 ἐνταῦθά
1254 1504 1392 1546 ,που
1453 1476 1571 1546 ἐπὶ
1630 1480 1750 1544 τοῦ
1814 1477 2036 1564 πάγου
2087 1476 2355 1566 κάθησο
2415 1476 2483 1556 ἐς
2537 1478 2662 1567 τὴν

498 1581 716 1648 πνύκα
771 1578 1001 1668 ὅριῦσα
1052 1584 1165 1649 καὶ
1211 1584 1667 1664 περιμένουσα
1718 1576 1856 1646 ἔστ’
1910 1568 1992 1646 ἀν
2033 1579 2291 1669 κηρύξω
2335 1582 2421 1646 τὰ
2466 1577 2659 1667 παρὰ

497 1687 616 1752 τοῦ
658 1683 859 1767 Διός,
918 1681 1043 1770 εγὼ
1107 1683 1179 1749 δὲ
1236 1681 1304 1761 ἐς
1353 1680 1474 1770 τὴν
1520 1676 1888 1765 ἀκρόπολιν
1935 1677 2191 1767 ἀναβὰς
2236 1684 2397 1772 ῥᾷον
2444 1676 2662 1761 οὕτως

499 1784 806 1865 απαντας
851 1786 921 1853 ἐκ
963 1789 1083 1854 τοῦ
1127 1784 1419 1873 επηκόου
1465 1785 2036 1903 προσκαλέσομαι.

665 1894 850 1954 ΔΙΚ.
929 1886 1048 1973 Μὴ
1098 1886 1425 1973 πρότερον
1474 1880 1819 1974 ἀπέλθῃς,
1873 1913 1926 1952 ω
1966 1881 2183 1974 Ἑρμῆ,
2230 1890 2392 1973 πρὶν
2438 1887 2659 1956 εἰπεῖν

497 1988 686 2068 οστις
715 1983 911 2068 οὗτος
942 1986 976 2057 ὃ
1012 1988 1318 2076 προσιών
1349 1987 1550 2069 ἐστιν,
1598 1984 1633 2055 ὃ
1666 1987 2103 2075 κερασφόρος,
2135 2015 2172 2056 ο
2206 1988 2326 2079 τὴν
2358 1984 2657 2078 σύριγγα,

496 2086 531 2157 ὅ
580 2091 815 2169 λάσιος
859 2089 929 2158 ἐκ
971 2106 1117 2160 τοῖν
1162 2092 1442 2158 σκελοῖν.

666 2198 878 2263 ΕΡΜ.
974 2198 1061 2260 Τί
1117 2192 1282 2282 φής,·
1342 2186 1603 2280 ἀγνοεῖς
1666 2190 1786 2258 τὸν
1841 2195 2069 2275 Πᾶνα,
2126 2196 2261 2260 τῶν
2315 2188 2657 2263 Διονύσου
2703 2229 2712 2233 ·

496 2296 943 2378 θεραπόντων
1000 2295 1119 2364 τὸν
1162 2295 1695 2380 βακχικώτατον,·
1752 2288 1947 2374 οὗτος
1989 2290 2147 2383 ᾤκει
2188 2297 2310 2381 μὲν
2354 2296 2429 2365 τὸ
2478 2299 2655 2387 πρό-

498 2404 665 2465 σθεν
711 2391 839 2465 ἀνᾶ
892 2396 968 2465 τὸ
1015 2403 1439 2484 Παρθένιον,
1499 2394 1634 2465 ὑπὸ
1697 2398 1770 2464 δὲ
1814 2396 1934 2465 τὸν
1977 2396 2274 2477 Δάτιδος
2318 2400 2657 2468 ἐπίπλουν

494 2504 607 2569 καὶ
649 2499 770 2588 τὴν
800 2500 1296 2586 Μαραθῶνάδε
1336 2504 1471 2567 τῶν
1505 2498 1865 2587 βαρβάρων
1897 2493 2240 2584 ἀπόβασιν
2268 2494 2421 2589 ἧκεν
2452 2499 2657 2590 ἀκλη-

494 2626 609 2681 τος
651 2615 797 2679 τοῑς
817 2596 1213 2691 Ἀθηναίοις
1258 2602 1612 2689 ξύμμαχος,
1658 2604 1769 2669 καὶ
1813 2598 1890 2667 τὸ
1941 2594 2067 2667 ἀπ’
2121 2600 2368 2671 ἐκείνου
2403 2601 2478 2671 τὸ
2513 2600 2653 2673 ὕπὸ

492 2711 578 2793 τῇ
623 2698 987 2787 ἀκροπόλει
1034 2704 1367 2795 σπήλαιον
1409 2708 1610 2772 τοῦτο
1656 2696 2170 2789 ἀπολαβόμενος
2214 2703 2383 2772 οἰκεῖ
2414 2706 2655 2793 μικρὸν

493 2802 665 2891 ὑπὲρ
696 2810 815 2873 τοῦ
844 2807 1328 2893 Πελασγικοῦ’
1299 2833 1367 2886 ες
1395 2808 1475 2875 τὸ
1505 2812 1842 2891 μετοίκιον
1887 2804 2230 2888 ξυντελῶν,
2273 2811 2386 2874 καὶ
2418 2812 2531 2877 νῦν
2560 2805 2768 2888 ὥςὸοἳ

492 2908 568 2975 τὸ
618 2906 794 2986 εἰκὸς
832 2904 1062 2975 ἰδών(
1023 2913 1200 2997 ημᾶς
1231 2934 1301 2976 εκ
1327 2908 1643 3027 γειτόνων
1674 2913 2117 3035 προσέρχεται
2150 2908 2656 2995 δεξιωσόμενος.

407 3020 479 3075 10
673 3016 770 3076 10.
816 3014 1053 3078 ΠΑΝ.
1122 3016 1471 3132 Χαίρετε,
1483 3035 1536 3074 ω
1578 3005 1776 3099 Ἑρμῆ
1816 3013 1930 3076 καὶ
1974 3016 2170 3098 Δίκη.
2843 3074 2844 3077 ,

660 3118 847 3180 ΔΙΚ.
922 3115 1060 3180 Καὶ
1115 3111 1195 3179 σύ
1250 3137 1353 3199 γε,
1415 3136 1471 3176 ω
1517 3110 1700 3192 Πάν,
1758 3113 2221 3197 μουσικώτατε
2275 3118 2388 3182 καὶ
2432 3116 2660 3205 πηδη-

489 3213 828 3281 τικώτατε
868 3215 1186 3301 Σατύρων
1249 3210 1602 3326 ἁπάντων,
1664 3207 2002 3304 Αθήνησι
2068 3217 2142 3283 δε
2200 3221 2315 3286 καὶ
2366 3219 2660 3303 πολεμι-

492 3314 768 3385 κώτατε.

662 3422 900 3485 ΠΑΝ.
982 3423 1102 3495 Τίς
1157 3418 1230 3484 δὲ
1275 3413 1483 3501 ὖμας,
1537 3444 1589 3483 ω
1634 3414 1863 3509 Ἑρμῆ,
1903 3427 2095 3507 χρεία
2142 3403 2322 3507 δεῦρ’
2381 3416 2664 3509 ἤγαγεν,·

663 3525 872 3586 ΕΡΜ.
918 3516 1116 3606 Αύτη
1173 3541 1284 3586 σοι
1338 3518 1728 3608 διηγήσεται
1779 3521 1864 3589 τὰ
1912 3523 2163 3590 πάντα·
2243 3521 2368 3609 ἐγώ
2417 3524 2489 3591 δὲ
2535 3522 2662 3592 ἐπὶ

489 3648 609 3711 την
654 3616 1023 3706 ἀκρόπολιν
1065 3622 1179 3688 καὶ
1223 3620 1300 3690 τὸ
1346 3620 1666 3709 κήρυγμα.

661 3728 846 3789 Δ.ΙΚ
909 3717 983 3788 Ὁ
1011 3721 1198 3805 Ζεύς,
1246 3749 1300 3789 ω
1343 3723 1519 3806 Πάν,
1564 3730 1959 3811 κατέπεμψέ
2000 3751 2085 3810 με
2128 3721 2659 3815 ἀποκληρώσου-

494 3848 618 3892 σαν
664 3822 786 3902 τὰς
831 3823 1039 3900 δίκας.
1109 3827 1217 3892 σοὶ
1264 3825 1336 3893 δὲ
1382 3829 1534 3905 παῖς
1575 3824 1660 3894 τὰ
1708 3825 1778 3894 ἐν
1798 3820 2132 3917 Ἀθήναις
2177 3829 2345 3912 ε’χεις

662 3930 900 3993 ΠΑΝ.
984 3925 1075 3994 Τὸ
1123 3927 1242 4008 μὲν
1287 3920 1447 3996 όλον
1506 3924 1583 3996 οὗ
1642 3924 1790 3995 κατ’
1858 3924 2055 4008 ἀξίαν
2105 3928 2418 4017 πράττω,
2477 3927 2657 3999 ἀλλὰ

490 4026 667 4095 πολὺ
725 4029 1244 4113 καταδεέστερον
1299 4034 1419 4117 τῆς
1466 4028 1768 4114 ἐλπίδος,
1827 4034 1939 4099 καὶ
1995 4035 2206 4099 ταῦτα
2261 4034 2660 4121 τηλικοῦτον

500 454 635 526 ὑπὸ
682 460 803 523 τοῦ
847 454 1066 521 πάλαι
1112 451 1328 540 ῥύπου
1373 452 1463 541 μὴ
1524 453 1592 532 ἐς
1632 452 1854 538 βάθος
1898 454 2353 540 παρεδέξαντο
2400 452 2664 523 ὁπόσον
2847 429 2852 616 ἱ
