2867 4525
1001 270 1261 327 LUCIANI
1295 271 1380 325 DE
1413 270 1649 331 LUCTU.
2283 275 2405 335 217

454 438 523 503 Ω
565 476 653 488 -
695 449 831 508 καὶ
874 452 1175 529 καθορᾶν
1217 442 1238 527 Ι
1281 464 1398 512 om.
1449 451 1581 511 καὶ
1623 443 1759 512 ΔΨ
1800 447 1881 525 (P)
1927 481 2002 494 —
2049 456 2131 530 τῇ
2172 466 2412 533 προση-

452 551 642 628 γορίᾳ
683 540 850 628 Ιτῂν
895 554 1341 630 προσηγορίαν
1368 549 1426 613 A
1457 582 1537 593 —
1570 545 1738 631 παρ’
1782 546 1963 636 αὐτῷ
1991 545 2013 633 Ι
2053 561 2404 633 παρα-ἱππῶνι·

453 642 522 707 Ω
564 645 732 729 παρ’
776 645 964 735 αὐτῷ
1005 646 1085 709 Ψ
1126 685 1214 698 -
1259 645 1467 716 αὐτὸν
1513 641 1652 733 ἆρχ.
1708 647 1728 733 Ι
1777 648 1912 734 α’ρχ.
1962 649 2164 719 αὐτὸν
2228 657 2280 717 A
2328 689 2404 701 ᾖ

455 746 809 830 ὑφιέμενον
863 748 884 832 ΙΙ
940 752 1294 835 ἐφιέμενοι,
1366 771 1668 832 suprascr.
1734 778 1774 819 ν
1827 754 1885 818 A
1940 791 2025 801 —
2094 753 2336 837 dum-11
2396 757 2412 837 Ι

465 897 478 912 .
522 896 540 912 .
586 876 666 918 ον
710 855 769 917 A

236 972 290 1016 ο.
365 958 424 1014 3.
455 961 897 1037 περιρρεῖσθαι
953 952 974 1037 Ι
1028 980 1231 1039 περιρ.
1280 957 1336 1021 Δ
1392 989 1480 1001 --
1532 954 1658 1022 κα’κ
1712 952 1735 1041 Ι
1790 963 1899 1023 καὶ
1953 959 2024 1023 ἐκ
2077 957 2284 1025 ΔΩΨ
2332 997 2408 1005 -

454 1052 788 1139 πρόκειται
817 1054 838 1140 Ι
864 1081 1039 1141 πρου
1060 1059 1144 1138 (P)
1174 1083 1229 1125 κ.
1263 1053 1333 1118 Ω
1365 1094 1443 1104 -
1484 1056 1522 1142 ἢ
1554 1067 1998 1144 παρελθεῖν
2040 1058 2060 1144 Ι
2103 1081 2216 1125 om.
2248 1061 2284 1141 ij
2340 1065 2408 1121 ΙΙΓ

456 1165 689 1236 βαθεῖα
731 1155 754 1244 Ι
791 1163 1000 1238 βαθέα
1037 1161 1095 1225 A
1137 1167 1288 1239 βαθ.
1330 1184 1399 1226 τε
1442 1156 1594 1223 ΩΨ

242 1279 295 1322 e.
370 1266 430 1323 4.
463 1258 626 1343 οὔσῃ
667 1259 689 1344 Ι
731 1280 848 1325 om.
891 1265 950 1327 A
992 1297 1076 1309 -
1122 1265 1373 1343 ἐσαφικ.
1415 1259 1438 1347 Ι
1479 1261 1656 1346 α’φικ.
1702 1260 1772 1325 Ω

237 1380 291 1422 c.
365 1368 422 1425 5.
455 1362 580 1428 ἔσω
637 1358 851 1447 [εἴσω
902 1360 1031 1429 ΑΩ
1089 1398 1169 1410 —
1225 1380 1365 1444 τοῖς
1416 1363 1592 1449 [lom.
1640 1364 1719 1426 Ψ
1774 1398 1860 1413 —-
1919 1368 2164 1432 ἐκεῖθεν
2224 1369 2336 1445 ἀφ.
2396 1373 2412 1445 ξΙ

456 1463 633 1546 άφιγ.
679 1466 763 1533 ἐκ.
814 1464 894 1527 Ψ
922 1500 1008 1514 -
1039 1465 1202 1535 Ἄλκ.
1247 1492 1329 1533 τε
1369 1466 1389 1550 Ι
1431 1487 1546 1531 om.
1591 1493 1658 1534 τε
1701 1471 1760 1533 A
1802 1503 1887 1515 —
1915 1477 2408 1553 Πρωτεσὲλεως

454 1566 597 1651 Ι..
645 1577 805 1647 λαος
848 1562 1827 1653 ΔΩέ-ὃτοῦὋμᾹοιιμὸ
1874 1566 1943 1631 Ω

244 1691 297 1732 c.
370 1677 430 1733 6.
463 1668 500 1735 ὃ
558 1675 676 1748 μὲν
722 1666 873 1738 οὖν
912 1670 933 1756 ΙΙ
976 1670 1122 1755 γὰρ
1167 1670 1227 1737 Α
1279 1707 1362 1719 -
1426 1682 1610 1757 Φερσ.
1655 1669 1677 1758 Ι
1717 1674 1877 1756 Περ.
1921 1674 1979 1738 A
2034 1707 2109 1719 —
2176 1673 2348 1757 Ἑρεν.
2399 1673 2416 1753 ΙΙ

461 1772 682 1857 Ἐρινν.
723 1777 782 1839 A

241 1896 294 1938 c.
375 1881 430 1937 7.
462 1884 905 1942 συναλισθῶσι
949 1875 969 1961 Ι
1013 1885 1283 1943 συναυλ.
1328 1878 1385 1942 A
1428 1911 1513 1923 --
1559 1878 1622 1955 ἐς
1665 1871 1687 1961 Ι
1728 1883 1817 1956 εἰς
1859 1880 1917 1943 A

241 1999 289 2045 e.
372 1983 430 2040 8.
462 1976 643 2061 Εριν.
684 1974 706 2062 Ι
752 1977 978 2063 Ἐρινν.
1007 1983 1066 2045 A
1093 2014 1175 2025 -
1207 2004 1442 2064 πονηρ.
1485 1977 1507 2065 Ι
1548 1977 1802 2059 ἀσεβῶν
1847 1976 1917 2042 Ω
1960 2015 2044 2026 -
2090 1980 2408 2065 παρεεεῖεὲψ

460 2105 563 2159 τες
617 2078 639 2166 Ι
692 2077 1155 2165 παραδιδόντες
1210 2080 1349 2148 ΑΨ
1401 2118 1491 2128 -
1547 2084 1609 2161 ές
1667 2080 1808 2148 τὸν
1861 2080 1883 2165 Ι
1938 2127 1954 2144 .
2010 2080 2088 2148 τὸ
2145 2081 2272 2149 ΑΩ
2332 2121 2412 2129 -

456 2190 680 2267 χῶρον
722 2180 744 2268 Ι
779 2170 1028 2268 χωριον
1071 2180 1200 2249 ΑΩ
1244 2219 1328 2231 -
1374 2184 1768 2263 έσπέμπουσι
1812 2181 1833 2268 Ι
1876 2184 2013 2249 ἐκπ.
2061 2228 2078 2245 .
2126 2227 2142 2246 .
2188 2185 2244 2249 A
2300 2205 2412 2245 om.

465 2289 528 2364 ές
571 2284 856 2352 Ψ-τί
899 2295 1122 2353 κακῶν
1165 2283 1186 2372 Ι
1226 2296 1291 2353 τί
1331 2296 1469 2354 τῶν
1512 2313 1572 2354 κ.
1616 2284 1685 2349 Ω
1719 2325 1803 2336 -
1849 2285 2180 2366 καόμενοι
2224 2289 2244 2369 Ι
2288 2313 2412 2353 και

461 2433 478 2450 .
526 2432 542 2449 .
585 2390 641 2454 Δ
684 2421 770 2436 —-
817 2406 1219 2474 συμπεριφ.
1262 2388 1284 2473 Ι
1326 2410 1442 2453 om.
1479 2415 1624 2473 περι
1667 2389 1803 2456 ΔΨ
1839 2425 1918 2437 -
1948 2385 2109 2468 αὖος
2151 2385 2172 2474 Ι
2216 2389 2408 2465 αιέτὺς

458 2485 585 2555 ΑΩ
628 2525 712 2537 -
756 2489 891 2557 ὑπὸ
933 2501 1086 2559 τοῦ
1131 2497 1184 2557 δ.
1289 2490 1418 2559 α’πὸ
1464 2497 1518 2557 δ.
1561 2490 1644 2552 Ψ

245 2613 300 2655 c.
374 2599 435 2656 9.
469 2583 611 2674 ἁφῇ
650 2590 670 2674 Ι
715 2586 857 2676 ἀφῇ
898 2596 956 2659 A
985 2629 1071 2640 —
1110 2587 1236 2677 ἆρα
1277 2592 1296 2678 ΙΙ
1340 2614 1456 2656 om.
1502 2596 1558 2657 A
1595 2627 1680 2638 —
1726 2591 1911 2675 ἡμῶν
1954 2591 1974 2677 ΙΙ
2013 2592 2164 2676 ἡμῖν
2212 2594 2412 2658 ΑΞΪΓΓ

463 2701 600 2759 τῶν
623 2690 854 2774 τάφων
960 2693 1076 2760 τὸν
1120 2690 1336 2774 τάφον
1378 2696 1437 2759 A
1479 2728 1564 2741 -
1608 2697 2228 2771 καταλελειμμένος
2272 2698 2288 2774 [Ι
2336 2742 2348 2750 -
2400 2742 2412 2750 -

458 2803 586 2873 λιμ.
634 2783 716 2856 Ψ

244 2917 295 2959 c.
332 2904 426 2962 10.
464 2906 668 2964 ταῦτα
710 2895 732 2982 Ι
773 2897 977 2965 ταῦθ’
1010 2897 1085 2959 Ψ
1114 2933 1197 2944 -
1237 2895 1544 2979 α’ποθάνῃ
1586 2895 1607 2981 Ι
1651 2942 1668 2961 .
1716 2942 1732 2961 .
1776 2895 1977 2964 θάνοι
2008 2895 2087 2958 Ψ
2117 2931 2200 2943 -
2236 2906 2292 2974 ἐς
2340 2898 2416 2958 τί.

465 2998 670 3079 στόμα
715 3004 1108 3084 κατέθηκαν
1163 2998 1345 3087 αὐτῷ
1386 2997 1408 3085 Ι
1446 3007 1763 3083 μεθῆκαν
1809 3005 1896 3079 εἰς
1945 2996 2026 3064 τὸ
2071 3017 2164 3064 στ.
2212 3002 2416 3062 affirm?

460 3104 518 3168 A
561 3138 645 3149 —
690 3110 894 3183 Αἰγιν.
960 3101 1060 3182 όβ.
1102 3100 1123 3187 Ι
1169 3094 1209 3166 ὃ
1253 3112 1396 3182 Αιγ.
1444 3100 1525 3163 Ψ
1575 3138 1661 3149 —
1719 3099 1959 3181 ὀβολός
2000 3100 2021 3186 Ι
2063 3122 2172 3166 om.
2224 3099 2288 3162 ss
2336 3138 2416 3146 —

461 3200 542 3288 ἦν
583 3202 604 3290 Ι
646 3225 762 3270 om.
802 3202 872 3267 Ω
916 3206 948 3266 ⁴?
994 3241 1078 3253 —
1121 3214 1447 3288 πορθμεῖα
1489 3201 1511 3289 Ι
1551 3220 1629 3283 μῖ
1667 3203 1747 3266 Ψ
1791 3202 2352 3282 ἀναπόμπιμοι
2400 3206 2416 3286 ΙιΙ

464 3352 480 3369 .
529 3351 547 3369 .
590 3308 984 3386 πέμπτιμοιῗ
1027 3309 1085 3373 A
1128 3342 1215 3355 —
1259 3309 1323 3384 ἐς
1365 3304 1486 3373 τὸν
1528 3313 1588 3386 β.
1631 3303 1653 3389 Ι
1694 3311 1781 3384 εἰς
1824 3308 1882 3371 A
1928 3343 2011 3352 —

245 3428 299 3471 ο.
331 3416 427 3472 11.
457 3407 881 3489 ἀμφιέσαντες
935 3408 957 3494 Ι
1009 3407 1446 3489 ἅμφιάσαντες
1489 3410 1547 3473 A
1598 3443 1680 3454 -
1728 3410 1958 3495 ῥιγῷεν
2000 3406 2019 3490 ΙΙ
2064 3409 2304 3489 ριγῡῐεμ
2352 3406 2416 3466 ss,

462 3545 544 3558 —
593 3517 793 3595 δῆλον
836 3509 938 3578 ὅτι
979 3509 1000 3596 Ι
1043 3510 1347 3594 δηλονότι
1388 3507 1598 3577 ΑΩΨ
1636 3546 1719 3558 -—
1749 3507 1984 3592 γυμνὸι
2026 3507 2046 3591 Ι
2090 3528 2204 3570 οω.
2248 3514 2304 3570 A
2336 3542 2412 3554 2-

245 3634 299 3677 e.
333 3618 432 3675 12.
472 3612 777 3682 πάττεται
837 3614 855 3698 ΙΙ
911 3631 989 3680 σσ
1031 3616 1089 3680 A
1131 3649 1216 3660 -
1259 3610 1579 3691 πολλάκις
1639 3665 1652 3678 .
1705 3665 1719 3680 .
1768 3662 1783 3678 .
1850 3613 2083 3691 ἔδαφος
2128 3609 2147 3693 ΙΙ
2188 3630 2300 3674 om.
2352 3606 2416 3670 Ω

466 3716 672 3792 (habet
716 3715 816 3794 Ψ)
874 3750 958 3763 -
1022 3714 1058 3782 ὃ
1114 3721 1180 3783 δὲ
1237 3713 1576 3799 εὐσχήμων
1708 3711 1776 3779 δ’
1821 3709 1890 3774 Ω
1942 3747 2030 3759 -
2085 3713 2159 3790 ἐς
2220 3738 2416 3786 ,τύμπ-

468 3816 489 3902 ΙΙ
533 3824 619 3896 εἰς
662 3818 741 3880 Ψ

244 3941 297 3984 c.
334 3925 433 3984 13.
465 3918 551 3986 τὸ
600 3921 698 3986 έπ.
746 3918 883 3987 αὐτ.
933 3919 953 4004 Ι
998 3939 1112 3982 om.
1156 3915 1234 3984 τὸ
1278 3914 1347 3979 Ω
1391 3953 1473 3966 -
1520 3916 1629 3983 ἐπ’
1673 3915 1886 4004 αὐτῷ
1924 3916 1944 4002 Ι
1986 3915 2192 3983 αΰτοὶ·
2240 3921 2288 3978 A
2340 3954 2416 3962 —

463 4021 504 4107 ἢ
548 4018 570 4106 ΙΙ
611 4042 726 4086 om.
772 4020 922 4085 ΩΨ
949 4057 1035 4068 -
1070 4019 1293 4087 α’λλοκ.
1341 4016 1362 4103 Ι
1403 4018 1583 4086 α’λοκ.
1634 4018 1713 4080 Ψ
1747 4052 1822 4065 -
1873 4017 2092 4101 άφίησι
2131 4016 2154 4101 11
2196 4018 2416 4094 εἷεμίῐιῑε
