2867 4525
486 286 568 343 44
1294 333 1302 342 ,
1376 283 1788 348 [ΔΟΥΚΙΔΝΟΥ]

383 466 452 522 57
487 460 956 543 γεγραμμένην.
1033 462 1134 522 57.
1182 448 1351 521 ἀλλὰ
1396 451 1474 539 νὴ
1506 458 1648 520 Δία
1695 448 1729 515 ὃ
1774 452 1897 535 μὲν
1924 458 2076 538 βίος
2109 455 2226 521 τοῦ
2258 459 2652 538 παρασίτου

486 563 802 643 κρείττων
848 556 989 625 ἐστὶ
1045 561 1163 625 τοῦ
1220 560 1353 624 τῶν
1412 555 1711 645 ῥητόρων
1762 557 1873 622 καὶ
1931 558 2065 620 τῶν
2112 555 2555 676 φιλοσόφων,
2611 552 2649 624 ὅ

489 660 562 726 δὲ
606 659 908 736 θάνατος
953 659 1402 747 φαυλότερος,·
1459 656 1641 723 πάνυ
1694 656 1815 741 μὲν
1861 641 1976 723 οὐν
2021 650 2410 725 τούναντίον
2458 655 2655 744 παρὰ
2839 691 2840 722 ι

490 757 665 829 πολὺ
714 754 1332 846 εὐδαιμονέστερος·
1401 757 1825 848 φιλοσόφους
1868 759 1989 843 μὲν
2031 757 2155 845 γὰρ
2201 757 2397 843 ἰ’σμεν
2430 751 2658 826 ἅπαν-

489 888 610 942 τας
654 855 695 951 ἢ
754 863 909 941 τοὺς
964 867 1328 941 πλείστους
1380 861 1622 940 κακοὺς
1664 864 1879 938 κακῶς
1923 856 2438 940 ἀποθανόντας,
2496 861 2773 940 vobgaeo
2839 847 2840 920 Ῠ

492 967 612 1052 μὲν
674 965 743 1033 ἐκ
793 966 1153 1054 καταδίκης
1210 964 1590 1042 ἑαλωκότας
1647 962 1762 1030 ἐπὶ
1818 976 1964 1042 τοῖς
2017 969 2362 1049 μεγίστοις
2418 960 2661 1051 ἀδική-

493 1092 681 1155 μασι,
729 1068 1082 1156 φαρμάκῳ,
1128 1066 1283 1145 τοὺς
1332 1066 1404 1133 δὲ
1446 1071 2037 1144 καταπτισθέντας
2082 1064 2155 1133 τὸ
2206 1070 2414 1151 σῶμα.
2450 1058 2661 1148 ἅπαν,

493 1170 650 1250 τοὺς
696 1171 767 1237 δὲ
829 1167 966 1237 ἀπὸ
1024 1170 1383 1254 δυσουρίας
1426 1167 1926 1257 φθινήσαντας,
1978 1169 2135 1248 τοὺς
2180 1169 2252 1236 δὲ
2298 1167 2662 1256 φυγόντας,

496 1279 878 1358 παρασίτου
925 1272 997 1339 δὲ
1040 1272 1345 1338 θάνατον
1391 1268 1609 1348 οὐδεὶς
1652 1269 1785 1352 ἔχει
1828 1273 2133 1338 τοιοῦτον
2187 1270 2436 1352 εἰπεῖν,
2486 1266 2667 1338 ἀλλὰ

496 1376 613 1442 τὸν
660 1368 1261 1459 εὐδαιμονέστατον
1291 1368 1626 1461 φαγόντος
1668 1376 1782 1440 καὶ
1828 1373 2124 1451 πιόντος.
2200 1372 2261 1440 εἰ
2308 1373 2382 1439 δέ
2408 1397 2516 1452 τις
2546 1375 2669 1439 καὶ

501 1478 681 1545 δοκεῖ
722 1483 929 1563 βιαίῳ
974 1478 1506 1565 τετελευτηκέναι
1535 1474 1839 1561 θανάτῳ,
1889 1468 2291 1564 ἀπεπτήσας
2320 1468 2667 1542 ἀπέθανε.

397 1591 471 1647 58
680 1585 781 1647 58.
832 1587 1034 1649 TYX.
1089 1583 1314 1646 Ταῦτα
1343 1579 1467 1664 μὲν
1499 1579 1738 1655 ἱκανῶς
1770 1577 2199 1666 διημίλληταί
2228 1599 2339 1644 σοι
2368 1577 2455 1643 τὰ
2484 1576 2671 1663 πρὸς

499 1682 656 1761 τοὺς
700 1681 1121 1771 φιλοσόφους
1165 1678 1334 1766 ὑπὲρ
1377 1684 1519 1748 τῶν
1556 1685 1973 1764 παρασίτων.
2050 1679 2293 1747 λοιπὸν
2338 1681 2411 1747 δὲ
2455 1678 2515 1746 εἰ
2544 1706 2668 1746 κα-

503 1784 618 1852 λὸν
661 1788 771 1852 καὶ
806 1786 1142 1862 λυσιτελές
1173 1782 1314 1850 ἐστι
1344 1782 1420 1849 τὸ
1454 1785 1671 1868 κτῆμα
1701 1784 1899 1848 τοῦτο
1930 1788 2027 1869 τῷ
2057 1787 2394 1871 τρέφοντι,
2439 1784 2669 1868 πειρῶ

503 1890 744 1973 λέγειν·
803 1885 951 1970 ἐμοὶ
1008 1887 1130 1969 μὲν
1187 1885 1315 1972 γὰρ
1373 1885 1681 1951 δοκοῦσιν
1734 1875 1966 1967 ὥσπερ
2014 1879 2504 1971 εὐεργετοῦντες
2547 1885 2667 1951 καὶ

499 1988 922 2074 χαριζόμενοι
965 1992 1235 2075 τρέφειν
1283 1979 1520 2064 αὐτους
1555 1987 1632 2053 οἱ
1678 1985 2029 2068 πλούσιοι,
2085 1990 2197 2054 καὶ
2243 1984 2416 2055 εἶναι
2460 1994 2667 2055 τοῦτο

507 2089 817 2179 αισχύνην
861 2092 957 2176 τῷ
1002 2092 1410 2176 τρεφομένῳ.

675 2196 898 2260 ΠΛΡ.
949 2187 1060 2271 Ὡς
1102 2184 1345 2279 ἠλίθιά
1389 2196 1464 2277 γέ
1510 2213 1660 2273 σου,
1714 2177 1768 2257 ὠ
1819 2190 2143 2281 Τυχιάδη,
2189 2194 2418 2273 ταῦτα,
2467 2190 2526 2258 εἰ
2570 2190 2668 2280 μὴ

507 2296 789 2363 δύνασαι
843 2292 1189 2381 γινώσκειν
1247 2286 1354 2362 ότι
1409 2294 1740 2374 πλούσιος
1796 2288 1994 2383 ανήρ,
2060 2295 2120 2361 εἰ
2169 2297 2282 2362 καὶ
2325 2293 2401 2361 τὸ
2451 2294 2674 2380 Γύγου

501 2405 773 2483 χρυσίον
831 2397 994 2481 ἔχει,
1052 2391 1256 2480 μόνος
1301 2396 1559 2466 ἐσθίων
1605 2401 1811 2486 πένης
1856 2394 1998 2464 ἐστὶ
2042 2399 2153 2464 καὶ
2199 2395 2465 2483 προϊών
2509 2392 2673 2464 ἄνευ

506 2506 890 2589 παρασίτου
946 2496 1216 2582 πτωχὸς
1272 2500 1481 2581 δοκεῖ,
1536 2501 1649 2567 καὶ
1704 2491 1935 2585 ὥσπερ
1996 2498 2411 2587 στρατιώτης
2460 2501 2675 2585 χωρὶς

505 2598 738 2671 ὅπλων
796 2594 1195 2685 ἀτιμότερος
1250 2604 1361 2668 καὶ
1421 2600 1634 2689 ἐσθὴς
1686 2597 1842 2668 ἄνευ
1887 2602 2246 2691 πορφύρας
2289 2604 2403 2668 καὶ
2446 2601 2675 2680 ἵππος

506 2702 661 2774 ἄνευ
721 2704 1075 2793 φαλάρων,
1139 2696 1313 2771 οῧτω
1369 2706 1483 2772 καὶ
1540 2703 1866 2782 πλούσιος
1920 2699 2076 2770 ὂῖνευ
2119 2708 2504 2792 παρασίτου
2548 2729 2673 2769 τα-

505 2807 738 2887 πεινός
780 2832 886 2886 τις
927 2809 1042 2875 καὶ
1088 2800 1357 2894 εὐτελὴς
1401 2813 1739 2894 φαίνεται.
1814 2809 1928 2873 καὶ
1956 2805 2088 2894 μὴν
2117 2803 2153 2875 ὅ
2185 2806 2308 2891 μὲν
2338 2804 2673 2884 πλούσιος

505 2923 855 2995 κοσμεῖται
911 2904 1033 2975 ὑπ’
1100 2904 1303 2974 αὐτοῦ
1314 2959 1333 2989 ,
1391 2906 1510 2974 τὸν
1564 2907 1636 2973 δὲ
1679 2907 2061 2993 παράσιτον
2103 2907 2432 2985 πλούσιος
2477 2901 2674 2974 οὐδέ·
2690 2915 2784 2967 881

403 3021 479 3078 59
512 3036 685 3079 ποτε
725 3024 978 3095 κοσμεῖ.
1069 3014 1170 3078 59.
1218 3006 1438 3087 ἄλλως
1479 3034 1554 3076 τε
1597 3001 1753 3077 οὐδὲ
1797 3004 2058 3089 ὄνειδος
2103 3004 2285 3096 αὐτῷ
2330 3007 2533 3091 ἐστιν,
2579 3005 2675 3089 ὥς

511 3113 588 3180 σὺ
650 3112 812 3201 φής,
870 3110 950 3179 τό
1010 3125 1412 3196 παρασιτεῖν
1471 3109 1731 3198 ἐκείνῳ,
1792 3112 1993 3202 δῆλον
2048 3104 2157 3178 ὅτι
2207 3107 2301 3189 ὥς
2341 3116 2676 3196 κρείττονι

504 3221 806 3299 χείρονα,
867 3213 1043 3280 ὅπου
1100 3237 1174 3299 γε
1229 3212 1360 3301 μὴν
1403 3216 1502 3298 τῷ
1544 3215 1853 3302 πλουσίῳ
1897 3217 2096 3281 τοῦτο
2143 3214 2481 3292 λυσιτελές
2528 3211 2674 3281 ἐστι

507 3317 583 3384 τὸ
630 3320 903 3404 τρέφειν
946 3314 1066 3382 τὸν
1111 3315 1511 3400 παράσιτον,
1558 3310 1613 3402 ᾦ
1645 3341 1719 3403 γε
1746 3314 1917 3401 μετὰ
1946 3320 2512 3401 τοῦ-κοσμεῖσθαι
2539 3312 2668 3382 ὕπ’

510 3414 713 3486 αὐτοῦ
779 3420 890 3485 καὶ
958 3410 1300 3505 ἀσφάλεια
1364 3415 1583 3506 πολλὴ
1654 3417 1723 3485 ἐκ
1787 3421 1907 3507 τῆς
1959 3417 2198 3486 τούτου
2256 3418 2675 3505 δορυφορίας

505 3519 819 3608 ὑπάρχει·
880 3514 1034 3586 οὔτε
1090 3517 1218 3606 γὰρ
1272 3519 1448 3608 μάχῃ
1507 3520 1759 3609 ῥᾳδίως
1816 3517 1898 3587 ἄν
1954 3545 2060 3599 τις
2103 3518 2532 3609 ἐπιχειρήσαι
2573 3523 2672 3607 τῷ

508 3625 813 3709 πλουσίῳ
865 3624 1102 3689 τοῦτον
1148 3617 1324 3708 ὁρῶν
1368 3626 1805 3706 παρεστῶτα,
1860 3616 2007 3688 ἀλλ’
2060 3616 2204 3689 οὐδ’
2258 3612 2339 3688 ὃν
2387 3616 2674 3688 ἀποθά-

511 3752 615 3794 νοι
660 3724 992 3814 φαρμάκῳ
1040 3717 1258 3801 οὐδεὶς
1302 3723 1467 3807 ’έχων
1511 3726 1912 3811 παράσιτον.
1986 3730 2089 3803 τίς
2132 3722 2258 3810 γὰρ
2305 3712 2385 3790 ἂν
2418 3723 2673 3811 τολμή-

512 3852 687 3896 σειεν
746 3826 1227 3911 ἐπιβουλεῦσαί
1281 3852 1415 3895 τινι
1473 3827 1715 3895 τούτου
1772 3831 2267 3914 προεσθίοντος
2323 3828 2438 3892 καὶ
2499 3850 2673 3911 προ-

509 3937 858 4013 πίνοντος,·
913 3921 1088 3996 ὥστε
1144 3924 1179 3996 ὃ
1236 3929 1565 4008 πλούσιος
1619 3922 1765 4012 οὐχὶ
1807 3941 2157 4012 κοσμεῖται
2201 3926 2439 4012 μόνον,
2500 3921 2672 3996 ἀλλὰ

509 4036 621 4102 καὶ
678 4031 746 4100 ἐκ
799 4035 934 4099 τῶν
987 4037 1316 4117 μεγίστων
1368 4030 1689 4098 κινδύνων
1742 4026 1879 4098 ὑπὸ
1926 4033 2048 4097 τοῦ
2090 4034 2477 4118 παρασίτου
2535 4029 2672 4098 σώ-
