2867 4525
1015 241 1271 317 LUCIANJ
1307 241 1803 295 PHILOPSEUDES.
2365 243 2488 302 283

546 416 705 494 quod
733 419 831 477 cui
866 415 1031 497 bono,
1079 421 1370 478 structura
1399 416 1693 478 diversum
1724 416 1811 482 Gf.
1846 417 2077 478 Anaeh.
2109 436 2161 477 e.
2195 421 2252 478 5.
2283 417 2487 480 ἐθέλω

543 520 771 583 εἰδέναι
814 523 995 596 τίνος
1039 517 1298 598 dra-9015
1341 516 1424 583 ἂν
1470 519 1563 599 εἴη
1607 532 1848 598 ποιεῖν,
1905 519 2009 580 ubi
2050 520 2295 597 genitivi
2335 520 2486 579 ratio

542 624 731 699 magis
774 624 1093 700 perspicua
1137 625 1245 682 est.

319 743 379 784 0.
450 728 507 783 2.
541 722 734 788 ου’δὲν
758 730 961 788 τοῦτο
982 720 1003 802 Ι
1022 721 1216 788 οἰδὲν
1239 720 1391 787 οὐδὲ
1411 729 1612 787 τοῦτο
1642 717 1744 784 Pi(
1765 755 1850 766 —
1872 721 1974 799 οἷς
2004 718 2291 801 ἔμφυτος
2321 717 2487 803 ἔρως

539 825 559 906 ss
589 816 621 888 ἕ
662 822 827 907 ἔρως
855 826 1085 903 Spath
1118 859 1193 869 —
1229 830 1389 889 εἰσιν
1416 831 1709 889 τοιοῦτοι
1736 844 1846 902 pro
1875 829 2034 888 εἰσιν
2072 828 2148 889 οἱ
2191 833 2484 890 τοιοῦτοι

541 928 863 990 Fritzsehe.
889 964 975 972 —
996 923 1362 1012 ἐγγράφῳ
1394 934 1492 1012 τῷ
1518 924 1836 1006 ψεύσματι
1878 951 2043 1008 κεχρ.
2069 955 2157 978 ==
2177 928 2485 989 mendaciis

539 1035 777 1111 scriptis.
830 1066 915 1076 —
956 1033 1200 1095 ἔπεισιν
1232 1027 1256 1112 fl
1286 1037 1672 1112 παρίσταται
1717 1025 1824 1092 FU

318 1155 374 1196 e.
447 1139 505 1195 3.
538 1129 938 1211 δεικνύοντες
970 1132 993 1213 ΙΙ
1025 1129 1388 1210 δεικνύντες
1433 1128 1555 1192 ΓΦ
1598 1168 1684 1176 -
1727 1141 1966 1214 κοινῆ
2009 1139 2117 1196 καὶ
2163 1137 2432 1216 δημοσίᾳ
2466 1130 2485 1216 ΙΙ

541 1241 704 1318 ἰδίᾳ
758 1260 817 1299 κ.
871 1241 925 1300 δ.
968 1236 1133 1297 81)(11.
1183 1270 1264 1281 -
1307 1232 1383 1313 ὃς
1440 1234 1509 1300 δ’
1568 1233 1649 1300 ἂν
1697 1285 1712 1300 .
1761 1282 1775 1296 .
1819 1287 1834 1302 .
1883 1233 1968 1317 μὴ
2026 1237 2267 1317 οἴηται,
2326 1234 2484 1300 ἀλλ’

539 1336 882 1420 ἐμφρόνως
921 1335 1005 1403 ἂν
1051 1383 1066 1398 .
1099 1383 1114 1398 .
1147 1383 1161 1398 .
1207 1345 1524 1419 νομίζοι
1557 1335 1580 1420 ΙΙ
1612 1344 1898 1419 νομίζῃ
1928 1339 2041 1399 Bk.
2071 1341 2172 1400 Fr.
2202 1339 2367 1401 det.
2398 1372 2484 1384 —

540 1433 1046 1522 ἅναρπασθῆναι
1079 1440 1103 1521 fl
1135 1439 1413 1523 ἁρπασθ.
1462 1436 1657 1503 mm>

315 1564 369 1609 ο.
445 1551 500 1608 4:
537 1542 578 1609 α’
590 1567 630 1607 ν
646 1568 687 1608 α
702 1567 749 1623 φ
768 1568 809 1608 α
823 1550 848 1606 ί
860 1568 899 1607 ν
914 1568 952 1608 ο
966 1567 1006 1607 ν
1021 1569 1059 1607 τ
1074 1567 1116 1606 α
1130 1569 1151 1607 ι
1171 1538 1193 1625 Ι
1213 1542 1697 1622 α’ναφαίνοντες
1718 1545 2005 1604 Euerates
2034 1546 2278 1620 eiusque
2308 1546 2482 1604 amici

536 1666 588 1707 0.
638 1653 695 1709 6.
741 1641 864 1706 ΩΓ
907 1681 994 1691 ——
1037 1644 1231 1711 οὐδὲν
1276 1644 1359 1712 ἂν
1402 1643 2255 1727 κωλύσαιΙκωλύσειε
2299 1645 2352 1709 ἳῐ

315 1770 372 1811 c.
446 1755 504 1811 5.
534 1745 898 1828 διεξιόντος
940 1746 963 1831 fl
1009 1744 1358 1828 διεξιόντες
1401 1745 1593 1810 ΩΓΦ
1652 1784 1738 1794 —-
1794 1749 1916 1829 οὐχ
1973 1745 2155 1826 ὅπως
2199 1745 2224 1831 ΙΙ
2268 1747 2478 1809 nedum

534 1852 626 1914 cf.
672 1850 794 1932 οὐχ
837 1848 1022 1929 ὅπως
1063 1855 1126 1912 in
1169 1855 1364 1929 priore
1400 1853 1664 1914 membro

314 1974 370 2015 e.
443 1959 500 2016 6.
533 1955 828 2032 ἐγκλίνας
869 1961 963 2035 τῇ
991 1961 1217 2035 φωνῇ
1249 1949 1314 2031 ἐς
1340 1951 1417 2018 τὸ
1450 1951 1798 2019 α’σθενικὸν
1831 1950 1854 2035 ΙΙ
1885 1951 2030 2035 τὴν
2074 1951 2347 2035 φωνὴν
2376 1955 2470 2018 Fr.

312 2076 368 2118 e.
440 2063 496 2119 7.
523 2054 814 2136 χαμόθεν
847 2054 870 2138 fl
896 2062 1189 2137 χαμᾶθεν
1221 2057 1365 2119 coh.
1409 2091 1493 2100 —
1535 2062 1665 2120 καὶ
1708 2055 1744 2120 ὁ
1790 2059 1961 2121 λέων
1993 2055 2017 2140 fl
2049 2055 2088 2120 ὁ
2127 2060 2193 2120 δὲ
2222 2059 2392 2120 λέων
2424 2056 2477 2120 ἳῐ

530 2194 618 2205 -
651 2156 769 2223 ἔτι
813 2163 895 2223 δὲ
927 2157 952 2241 fl
983 2179 1098 2220 om.
1129 2158 1182 2222 21
1225 2193 1312 2204 -—
1351 2157 1587 2238 μεγαλ’
1629 2156 1721 2223 ἂν
1751 2155 2144 2223 δύναιντο
2176 2155 2201 2241 ΙΙ
2230 2155 2476 2238 μεγάλα

532 2258 928 2327 δύνανται
973 2261 1026 2326 ἳῑ
1068 2297 1155 2307 -
1198 2258 1376 2327 οὕτω
1405 2314 1421 2328 .
1456 2314 1470 2328 .
1508 2264 1902 2342 ἐγίγνωσκον
1947 2258 2257 2340 ἐλάφου
2297 2271 2477 2345 χρῆ-

528 2389 662 2428 ναι
704 2363 793 2429 τὸ
838 2368 1035 2447 δέρμα
1066 2362 1090 2448 ΙΙ
1122 2361 1371 2443 ἐλάφου
1408 2372 1643 2447 χρῆναι
1697 2362 1823 2430 διὰ
1873 2374 2127 2430 τοῦτο
2172 2367 2336 2431 εἶναι
2379 2368 2478 2427 Fr.

532 2467 635 2543 (ex
683 2462 798 2527 ΓΦ
837 2476 1071 2550 χρῆναι
1116 2465 1242 2532 διὰ
1285 2464 1362 2532 τὸ
1409 2470 1606 2549 δέρμα
1650 2467 1839 2547 εἶναι)

314 2586 364 2632 0.
444 2572 503 2629 8.
537 2567 749 2647 οὐδεὶς
793 2577 1066 2652 φρονῶν
1097 2568 1121 2653 ΙΙ
1153 2569 1303 2636 οὔδ’
1346 2565 1425 2635 εὖ
1473 2594 1581 2652 φρ.
1623 2569 1676 2633 ἳῐ

311 2690 368 2732 e.
440 2677 500 2735 9.
532 2667 953 2754 ξυμπαραίνῃ
998 2672 1023 2752 ΙΙ
1067 2670 1156 2737 σύ
1204 2679 1616 2755 περαίνει-ς
1661 2675 1760 2734 Fr.
1806 2669 1911 2749 (σὺ
1958 2687 2289 2755 παραινεῖς
2333 2669 2383 2733 Γ
2386 2669 2480 2748 Φ)

309 3202 357 3247 e.
397 3188 494 3245 10.

308 3305 361 3346 0.
395 3292 491 3347 11.

307 3613 360 3654 0.
394 3599 492 3657 14.

528 2772 853 2857 πρότερον
882 2773 1142 2856 ἐπάγων
1170 2783 1275 2861 τῷ
1304 2773 1521 2861 λόγῳ
1554 2774 1577 2859 fl
1610 2776 1704 2842 ἐπ.
1740 2800 1803 2841 π.
1837 2774 1982 2840 τὸν
2026 2772 2281 2855 λόγον
2311 2775 2364 2839 ἳῐ
2394 2812 2477 2821 --

526 2882 639 2941 καὶ
669 2881 734 2941 αἱ
763 2887 953 2960 γρᾶες
984 2875 1009 2961 ss
1042 2898 1159 2940 om.
1183 2885 1291 2942 καὶ
1315 2878 1368 2942 ἳῐ
1387 2913 1475 2924 —-
1493 2885 1591 2964 τῷ
1609 2876 1865 2943 αὐτοῦ
1887 2881 2146 2961 δέρματι
2186 2875 2197 2961 Ι
2235 2876 2478 2943 αὑτοῦ

526 2977 581 3040 ἳῑ
625 3012 709 3023 -—
751 2976 914 3043 διότι
966 2977 1165 3059 φύσιν
1208 2983 1334 3060 ἔχει
1377 2987 1708 3059 γίγνεσθαι
1750 2977 1774 3063 fl
1818 2977 1919 3044 ὅτι
1961 3032 1977 3046 .
2028 3025 2046 3041 .
2090 2984 2216 3061 ἔχει
2260 2977 2475 3046 οὕτω

526 3087 855 3159 γίγνεσθαι
900 3081 953 3145 ἳῐ
996 3115 1081 3127 —-
1126 3084 1208 3146 ἐκ
1254 3090 1398 3147 τοῦ
1441 3089 1868 3160 βουβῶνος
1900 3079 1925 3166 ΙΙ
1957 3084 2093 3144 del.
2139 3084 2346 3161 Spath.

527 3186 798 3261 λέοντας
829 3182 853 3263 fl
884 3192 1154 3261 λεοντᾶς
1178 3185 1323 3246 Cob.
1356 3219 1439 3229 —
1467 3182 1549 3248 τὰ
1578 3192 1852 3250 τοιαῦτα
1880 3188 2090 3266 λέγων
2121 3184 2145 3269 fl
2178 3206 2292 3248 om.
2320 3183 2401 3251 τὰ
2424 3186 2477 3249 21

523 3286 724 3350 κατὰ
752 3312 809 3351 τ.
838 3289 1039 3366 μέγαν
1079 3283 1403 3352 δάκτυλον
1434 3284 1459 3370 fl
1492 3306 1604 3348 om.
1634 3285 1799 3353 κατὰ
1829 3288 1882 3352 ἳῐ
1911 3324 1997 3335 -
2023 3287 2101 3352 τὸ
2127 3294 2247 3365 μὲν
2278 3288 2477 3368 φθά-

527 3405 657 3453 σαι
703 3393 833 3453 καὶ
876 3394 1329 3454 καταδῦναι
1361 3390 1384 3470 fl
1418 3386 1727 3469 φθάσαι
1769 3388 2128 3455 καταδὺν
2159 3393 2299 3452 Cob.
2330 3393 2473 3452 Ddf.

524 3491 690 3553 det.
736 3494 869 3569 (καὶ
914 3510 1027 3552 om.
1075 3492 1150 3568 Z)

525 3591 629 3669 ὡς
673 3591 768 3659 ἂν
812 3594 1248 3670 ἐμμανέστατα
1291 3596 1503 3676 ἐρῶσα
1532 3592 1559 3678 ss
1590 3613 1760 3675 quam
1803 3594 2317 3674 opinabantur
2358 3593 2473 3675 (ὡς

524 3697 759 3777 ἐρωσα)
794 3714 995 3758 οηιονε
1037 3696 1440 3759 ardentissimo
1482 3697 1771 3777 flagrare,
1819 3697 1980 3773 quod
2008 3698 2187 3758 attico
2217 3701 2473 3759 sermoni

524 3799 667 3857 satis
690 3800 849 3858 esset
869 3798 949 3857 ad
973 3816 1209 3859 causam
1232 3799 1624 3859 exhibendam
1635 3825 1660 3878 ‚·
1680 3799 1878 3859 addito
1901 3804 2097 3860 autem
2112 3792 2201 3862 ἄν
2220 3802 2472 3862 seriores

523 3901 843 3977 scriptores
894 3901 1253 3977 peculiarem
1309 3901 1604 3977 quendam
1662 3903 1920 3963 colorem
1961 3904 2298 3964 tribuebant
2341 3922 2472 3965 ora·

521 4004 667 4063 tioni
710 4021 959 4080 eamque
1004 4008 1104 4064 aut
1132 4004 1545 4081 amplificando
1574 4010 1675 4065 aut
1701 4005 2016 4066 minuendo
2045 4006 2472 4084 temperabant.
