2867 4525
1107 321 1558 375 ΦΙΛΟΨΕΥΔΗΣ.
2329 324 2411 383 97

249 488 446 577 δεξιᾷ
486 487 647 555 ὅσον
693 481 1118 578 εἰκοσάπηχυ,
1164 493 1278 558 καὶ
1322 490 1407 557 τὰ
1445 492 1567 576 μὲν
1612 491 1885 579 ἔνερθεν
1930 485 2270 582 ὀφιόπους
2313 481 2414 583 ἦν,

250 588 340 656 τὰ
387 589 458 656 δὲ
502 583 643 656 ὂῖνω
676 590 960 676 Γοργόνι
1004 592 1319 681 ἐμφερής,
1365 592 1442 661 τὸ
1473 596 1738 680 βλέμμα
1771 596 1944 684 φημὶ
1974 600 2087 664 καὶ
2130 595 2206 663 τὸ
2257 621 2414 685 φρι-

252 691 462 769 κῶδες
504 696 628 778 τῆς
657 692 1088 779 προσόψεως,
1132 697 1245 761 καὶ
1278 688 1424 762 ἆντὶ
1470 699 1594 783 τῆς
1629 696 1837 786 κόμης
1865 694 2023 776 τοὺς
2053 697 2419 785 δράκοντας

250 791 705 882 βοστρυχηδὸν
748 800 1123 882 περιέκειτο
1176 795 1598 882 εἰλουμένους
1653 803 1814 887 περὶ
1858 799 1977 867 τὸν
2023 793 2263 883 αὐχένα
2304 802 2417 867 καὶ

253 896 377 963 επὶ
419 898 553 964 τῶν
599 891 800 981 ὤμων
844 898 1062 977 ἐνίους
1106 896 1652 987 ἐσπειραμένους.
1742 898 1975 989 ὅρᾶτε,
2023 901 2180 989 ἔφη,
2226 893 2419 979 ὅπως

253 997 531 1086 ε’φριξα,
599 984 654 1063 ῶ
709 1001 928 1088 φίλοι,
996 999 1242 1084 μεταξὺ
1312 1003 1772 1091 διηγούμενος,·
1833 1006 1944 1071 καὶ
2013 996 2153 1088 άμα
2212 1004 2419 1089 λέγων

256 1099 582 1167 ἐδείκνυεν
642 1096 677 1168 6
726 1093 1065 1190 Εὗκράτης
1117 1103 1241 1181 τὰς
1292 1103 1412 1173 ἐπὶ
1457 1109 1577 1172 τοῦ
1613 1105 1894 1225 πήχεως
1934 1110 2165 1227 τρίχας
2207 1108 2419 1171 πᾶσιν

256 1199 478 1288 ὀρθὰς
519 1197 656 1269 ὗπό
702 1206 823 1270 τοῦ
853 1203 1089 1291 φόβου.
1162 1210 1263 1274 23.
1310 1207 1378 1274 οἱ
1404 1232 1527 1291 μεν
1561 1191 1679 1273 οῦν
1724 1201 1903 1296 ἀμφὶ
1932 1205 2051 1274 τὸν
2064 1201 2265 1275 Ἴωνα
2305 1208 2420 1273 καὶ

254 1302 376 1370 τὸν
404 1303 825 1388 Δεινόμαχον
866 1308 978 1372 καὶ
1020 1303 1140 1373 τὸν
1173 1307 1561 1396 Κλεόδημον
1594 1308 1934 1398 κεχηνότες
1978 1302 2205 1387 ατενὲς
2248 1333 2418 1393 προ-

260 1418 482 1488 σεῖχον
527 1399 711 1493 αὐτῷ
752 1411 1056 1493 γέροντες
1101 1402 1353 1496 ανδρες,
1402 1409 1747 1495 ἑλκόμενοι
1787 1413 1908 1497 τῆς
1952 1410 2154 1498 ῥινός,
2206 1403 2421 1497 ἠρέμα

180 1522 239 1570 51
260 1512 786 1595 προσκυνοῦντες
845 1508 1056 1587 οὕτως
1113 1503 1462 1578 ἀπίθανον
1516 1512 1873 1594 κολοσσόν,
1940 1509 2422 1601 ἡμισταδιαίαν

255 1623 551 1697 γυναῖκα,
598 1606 971 1698 γιγάντειόν
999 1637 1066 1679 τι
1107 1615 1608 1697 μορμολυκεῖον.
1687 1613 1811 1700 ἐγώ
1846 1615 1919 1681 δὲ
1965 1613 2261 1681 ἐνενόουν
2305 1636 2423 1697 με-

254 1711 421 1791 ταξὺ
467 1709 603 1780 οἶοι
655 1709 842 1791 ὅντες
900 1707 1090 1780 αὐτοὶ
1148 1723 1325 1792 νέοις
1369 1740 1445 1782 τε
1496 1712 1846 1799 ὁμιλοῦσιν
1893 1715 2008 1782 ἐπὶ
2055 1720 2269 1804 σοφίᾳ
2310 1717 2423 1782 καὶ

255 1810 391 1881 ῦπό
418 1817 552 1881 τῶν
575 1817 845 1882 πολλῶν
868 1815 1334 1900 θαυμάζονται
1355 1816 1525 1906 μόνῃ
1546 1821 1630 1908 τῇ
1657 1821 1870 1907 πολιᾷ
1893 1821 2126 1904 καὶτῷ
2148 1811 2425 1904 πώγωνι

258 1918 695 2005 διαφέροντες
736 1921 871 1985 τῶν
912 1921 1215 2007 βρεφῶν,
1270 1918 1357 1985 τὰ
1404 1913 1464 1987 δ’
1518 1916 1688 1987 αλλα
1730 1924 1843 1988 καὶ
1892 1912 2111 1987 αὐτῶν
2156 1918 2422 1986 ἐκείνων

258 2013 742 2146 εῦαγωγότεροι
796 2017 967 2106 πρὸς
1022 2018 1099 2087 τὸ
1160 2021 1431 2105 ψεῦδος.
1520 2028 1625 2089 24.
1684 2019 1718 2090 6
1773 2024 1930 2109 γοῦν
1979 2020 2414 2105 Δεινόμαχος,
2451 2034 2529 2091 24

261 2122 442 2188 Εἰπέ
468 2148 607 2208 μοι,
654 2121 803 2241 ε’φη,
851 2120 902 2187 a}
937 2115 1287 2208 Εὔκρατες,
1335 2124 1402 2190 οἱ
1431 2122 1618 2203 κύνες
1661 2125 1735 2191 δὲ
1774 2133 1892 2214 τῆς
1935 2127 2106 2190 θεοῦ
2151 2124 2428 2211 πηλίκοι

259 2224 338 2292 τὸ
384 2230 678 2313 μέγεθος
729 2247 933 2312 ησαν,·
979 2218 1420 2313 Ἐλεφάντων,
1474 2252 1513 2315 η
1565 2219 1625 2293 δ’
1677 2223 1786 2315 ὅς,
1837 2221 2251 2315 υψηλότεροι
2291 2226 2427 2291 τῶν

254 2321 564 2409 Ἰνδικῶν,
607 2328 885 2411 μέλανες
913 2329 1026 2394 καὶ
1059 2324 1250 2394 αὐτοὶ
1280 2330 1390 2395 καὶ
1424 2328 1655 2396 λάσιοι
1683 2332 1941 2418 πιναρᾷ
1967 2331 2079 2396 καὶ
2112 2322 2426 2415 αὐχμώσῃ

263 2436 346 2516 τῆ
393 2428 616 2516 λάχνη.
700 2426 826 2515 ἐγὼ
868 2429 988 2514 μὲν
1034 2454 1149 2496 ουν
1197 2428 1358 2496 ἰδών
1403 2430 1600 2520 ἒστην
1645 2421 2077 2559 αναστρέψας
2122 2423 2263 2514 άμα
2304 2427 2429 2516 τὴν

267 2531 627 2619 σφραγῖδα,
673 2557 752 2620 ην
781 2556 902 2617 μοι
946 2528 981 2598 6
1010 2526 1248 2618 ’Ἀραψ
1279 2531 1536 2612 ε’δωκεν,
1584 2533 1650 2610 ἐς
1692 2531 1769 2600 τὸ
1820 2533 1981 2600 ε’ίσω
2024 2535 2146 2599 τοῦ
2192 2530 2429 2598 δακτύ-

268 2637 415 2701 λου·
460 2661 501 2722 η
529 2631 757 2721 Ἑκάτη
806 2633 878 2700 δὲ
909 2632 1272 2711 πατάξασα
1301 2637 1400 2721 τῷ
1432 2635 1835 2722 δρακοντείῳ
1881 2634 2047 2701 ποδὶ
2090 2632 2430 2720 τουδαφος

267 2736 551 2824 ἐποίησε
572 2734 802 2820 χάσμα
832 2740 1286 2822 παμμέγεθες,
1317 2731 1546 2824 ἡλίκον
1577 2735 1973 2821 ταρτάρειον
2002 2734 2078 2801 τὸ
2112 2738 2429 2820 μέγεθος·

267 2835 415 2905 εἶτα
458 2832 668 2924 ᾤχετο
712 2834 857 2921 μετ’
908 2831 1133 2923 ὀλίγον
1180 2834 1509 2926 ἁλλομένη
1557 2837 1655 2917 εἰς
1701 2832 1886 2905 αὗτό.
1962 2834 2088 2922 ἐγώ
2136 2836 2208 2903 δὲ
2253 2841 2433 2922 θαρ-

268 2939 481 3026 σήσας
526 2938 836 3024 ἐπέκυψα
893 2932 1261 3024 λαβόμενος
1306 2940 1581 3028 δένδρου
1637 2939 1822 3017 τινὸς
1872 2940 2165 3028 πλησίον
2210 2963 2431 3026 πεφυ-

266 3042 480 3122 κότος,
527 3036 621 3118 ιῦς
659 3039 750 3128 μὴ
801 3041 1313 3119 σκοτοδινιάσας
1343 3038 1707 3127 ἐμπέσοιμι
1749 3041 1865 3108 ἐπὶ
1908 3041 2240 3130 κεφαλήν·
2288 3036 2434 3107 εἶτα

268 3142 497 3230 ἑώρων
550 3141 637 3209 τὰ
697 3143 767 3209 ἐν
798 3141 1038 3210 Ἅιδου
1085 3135 1385 3227 ἅπαντα,
1445 3144 1562 3212 τὸν
1616 3146 2255 3232 Πυριφλεγέθοντα,
2313 3141 2434 3230 τὴν

269 3247 528 3330 λίμνην,
573 3243 692 3311 τὸν
721 3248 1075 3331 Κέρβερον,
1120 3245 1277 3324 τοὺς
1307 3247 1592 3334 νεκρούς,
1640 3245 1814 3313 ὥστε
1842 3245 2182 3333 γνωρίζειν
2221 3244 2436 3322 ἐνίους

270 3341 518 3414 αὐτῶν·
576 3344 694 3413 τὸν
749 3350 907 3433 γοῦν
964 3352 1228 3435 πατέρα
1286 3345 1467 3416 εἶδον
1531 3350 1772 3427 ἱκανῶς
1830 3342 2001 3414 αὐτὰ
2063 3348 2278 3414 ἐκεῖνα
2336 3345 2434 3412 ετι

270 3443 756 3534 ἀμπεχόμενον,
804 3448 872 3517 ἒν
905 3447 1006 3528 οἷς
1038 3443 1241 3516 αυτὸν
1270 3449 1782 3538 κατεθάψαμεν.
1864 3455 1950 3517 Τί
1979 3450 2102 3516 δὲ’
2084 3447 2435 3533 έπραττον,

269 3547 306 3619 6
338 3547 490 3620 Ἴων
537 3550 688 3640 ἔφη,
742 3537 795 3617 ῶ
842 3546 1202 3639 Εὔκρατες,
1253 3579 1322 3619 αι
1368 3559 1619 3676 ψυχαί,·
1670 3558 1754 3619 Τί
1800 3546 1991 3631 άλλο,
2041 3547 2076 3636 ἠ
2123 3544 2186 3615 δ’
2239 3541 2345 3631 ός,
2395 3577 2431 3634 η

268 3652 442 3720 κατὰ
494 3655 677 3743 φῦλα
731 3656 843 3720 καὶ
902 3653 1204 3743 φρήτρας
1258 3655 1427 3739 μετὰ
1485 3659 1618 3722 τῶν
1677 3657 1895 3743 φίλων
1936 3654 2049 3718 καὶ
2110 3653 2438 3737 συγγενῶν

273 3756 737 3842 διατρίβουσιν
783 3756 899 3824 ἐπὶ
943 3760 1064 3823 τοῦ
1094 3750 1478 3843 ἀσφοδέλου
1514 3761 1999 3840 κατακείμενοι.
2064 3746 2439 3839 Ἀντιλεγέ-

192 3880 250 3929 52
272 3881 502 3925 τωσαν
547 3862 661 3925 νῦν
718 3858 850 3943 ἔτι,
904 3843 945 3945 ἦ
1008 3851 1069 3923 δ’
1120 3856 1197 3936 ὃς
1241 3854 1276 3924 6
1311 3853 1492 3941 Ἴων,
1554 3859 1620 3926 οἷ
1677 3853 1853 3945 ἀμφὶ
1899 3854 2016 3923 τὸν
2052 3849 2441 3942 Ἐπίκουρον

270 3964 370 4047 τῷ
417 3962 578 4047 ιερῴ
621 3959 947 4028 Πλάτωνι
987 3962 1099 4027 καὶ
1155 3963 1254 4047 τῷ
1298 3963 1456 4045 περὶ
1499 3963 1633 4026 τῶν
1679 3963 1913 4046 ψυχῶν
1959 3957 2153 4044 λόγῳ.
2242 3956 2321 4023 σύ
2369 3957 2441 4022 δὲ

272 4061 361 4147 μὴ
423 4066 534 4130 καὶ
589 4061 709 4131 τὸν
754 4056 1111 4150 Σωκράτην
1171 4056 1371 4131 αὐτὸν
1430 4065 1542 4130 καὶ
1598 4060 1715 4128 τὸν
1759 4059 2098 4128 Πλάτωνα
2145 4054 2316 4135 εἶδες
2369 4057 2440 4124 ἐν

382 4171 452 4215 Lu
452 4172 553 4216 οῑιιιι
578 4173 661 4217 111
2104 4164 2131 4210 7
