2867 4525
450 275 576 334 148
1342 266 1721 321 ΔΟΥΚῙΑΝΟΥ

446 444 485 513 ὃ
530 448 643 513 καὶ
684 443 770 510 τὰ
819 441 963 528 ἱερὰ
1005 443 1348 525 βλέποντα
1392 436 1668 505 ἐποίουν
1726 436 1793 503 οἱ
1837 437 2154 516 παλαιοί,
2211 439 2324 505 καὶ
2368 435 2446 504 τὸ
2495 441 2609 504 τοῦ

445 547 692 637 μήκους
722 543 895 632 πρὸς
922 542 999 612 τὸ
1033 542 1294 620 πλάτος
1320 542 1434 607 καὶ
1465 532 1723 627 ἇμφοῑν
1753 537 1928 622 πρὸς
1956 536 2031 606 τὸ
2064 538 2244 623 ὕψος
2274 533 2611 624 ευρυθμον

447 652 560 717 καὶ
603 651 739 715 τῶν
770 647 1196 736 φωταγωγῶν
1225 642 1303 710 τὸ
1345 641 1699 728 ἐλεύθερον
1742 643 1856 708 καὶ
1888 638 2063 724 πρὸς
2104 632 2287 729 ὥραν
2331 634 2612 728 ἑκάστην

450 737 522 820 εῦ
568 750 717 834 ἕχον
772 751 923 826 πῶς
980 741 1096 829 οὐχ
1151 742 1319 833 ῆδέα
1373 748 1586 811 ταῦτα
1641 744 1870 811 πάντα
1918 746 2031 812 καὶ
2071 742 2377 865 >ἐπαίνων
2422 739 2615 827 αξια,·

381 859 413 913 '7
453 861 510 921 7.
551 852 657 919 ἔτι
688 851 761 917 δὲ
790 848 1210 934 θαυμάσειεν
1243 873 1323 913 αν
1350 870 1457 925 τις
1483 849 1594 914 καὶ
1623 849 1742 935 τῆς
1779 840 2037 935 ὀροφῆς
2064 871 2136 914 εν
2163 848 2261 933 τῷ
2294 839 2612 937 εὐμόρφῳ

449 956 525 1023 τὸ
575 948 940 1037 ἀπέριττον
983 952 1095 1017 καὶ
1143 948 1211 1016 ἓν
1256 951 1354 1035 τῷ
1395 941 1702 1035 εὐκόσμῳ
1747 947 1824 1016 τὸ
1868 942 2331 1038 ἀνεπίληπτον
2374 952 2490 1018 καὶ
2532 948 2608 1016 τὸ

449 1060 570 1124 τοῦ
608 1057 857 1143 χρυσοῦ
903 1051 970 1132 ἐς
1012 1051 1087 1119 τὸ
1138 1046 1470 1135 εὐπρεπὲς
1515 1050 1909 1137 σύμμετρον,
1957 1044 2130 1118 ἀλλὰ
2173 1050 2269 1139 μὴ’
2298 1054 2461 1138 περὶ
2494 1051 2614 1131 τὰς

445 1164 675 1244 χρείας
722 1155 1138 1245 ἐπίφθονον,
1198 1147 1345 1219 ἀλλ’
1397 1149 1658 1221 ὁπόσον
1702 1179 1783 1221 αν
1838 1155 1949 1221 καὶ
1991 1158 2252 1276 γυναικὶ
2309 1155 2614 1243 σώφρονι

449 1264 562 1328 καὶ
606 1262 777 1348 καλῇ
822 1252 1062 1345 ἀρκέσῃ
1118 1250 1612 1343 ἐπισημότερον
1671 1254 2096 1342 εργάσασθαι
2145 1255 2221 1323 τὸ
2281 1255 2526 1334 κάλλος
2573 1246 2614 1345 ἢ

453 1366 613 1450 περὶ
654 1365 739 1450 τῇ
783 1360 969 1450 δειρῇ
1002 1358 1248 1437 λεπτός
1292 1382 1396 1436 τις
1442 1382 1648 1444 ορμος
1676 1348 1719 1448 ἢ
1763 1361 1920 1446 περὶ
1951 1363 2048 1446 τῷ
2078 1358 2379 1446 δακτύλῳ
2409 1382 2616 1447 σφεν-

454 1466 612 1555 δόνη
667 1487 957 1551 ευφορος
1016 1450 1059 1550 ἢ
1116 1486 1184 1528 εν
1239 1473 1385 1528 τοῖν
1443 1486 1645 1529 ωτοιν
1702 1460 1975 1545 ελλόβια
2027 1451 2069 1550 ἢ
2121 1461 2358 1549 πόρπη
2415 1485 2522 1539 τις
2574 1450 2615 1549 ἢ

451 1572 680 1635 ταινία
723 1564 799 1633 τὸ
845 1589 1095 1653 αφετον
1139 1566 1257 1652 τῆς
1306 1561 1515 1652 κόμης
1568 1563 1961 1645 συνδέουσα,
2018 1570 2339 1630 τοσοῦτον
2383 1566 2470 1652 τῇ
2516 1560 2621 1629 εὖ·

450 1674 716 1759 μορφίᾳ
760 1672 1218 1753 προστιθεῖσα
1249 1661 1412 1731 όσον
1441 1668 1525 1754 τῇ
1556 1660 1863 1754 εσθῆτι(
1827 1692 1869 1755 η
1899 1665 2261 1753 πορφύρα·
2310 1664 2385 1731 αἱ
2430 1663 2506 1730 δέ
2547 1689 2621 1750 γε

455 1771 749 1855 ἑταῖραι,
816 1771 927 1836 καὶ
992 1768 1291 1854 μάλιστα
1359 1767 1430 1834 αἱ
1496 1766 1964 1857 ἀμορφότεραι
2016 1761 2272 1849 αὐτῶν,
2339 1768 2454 1834 καὶ
2494 1764 2620 1855 τὴν

456 1870 722 1959 ἐσθῆτα
763 1864 925 1959 ὅλην
956 1872 1313 1958 πορφυρᾶν
1343 1871 1452 1937 καὶ
1488 1869 1607 1959 τὴν
1654 1870 1877 1957 δειρὴν
1917 1873 2163 1957 χρυσῆν
2209 1876 2624 1959 πεποίηνται

455 1977 552 2059 τῷ
604 1974 959 2040 πολυτελεῖ
1009 1972 1405 2062 θηρώμεναι
1448 1971 1524 2039 τὸ
1585 1971 1933 2060 ἐπαγωγὸν
1975 1974 2088 2040 καὶ
2133 1971 2210 2039 τὸ
2258 1970 2484 2040 ἐνδέον
2527 1973 2625 2058 τῷ

454 2079 638 2164 καλῷ
694 2080 1074 2162 προσθέσει
1130 2077 1249 2142 τοῦ
1307 2074 1564 2153 ἔξωθεν
1627 2078 1919 2162 τερπνοῦ
1981 2074 2622 2162 παραμυθούμεναι,

456 2175 774 2267 ἡγοῦνται
811 2177 942 2266 ’γὰρ
986 2183 1099 2245 καὶ
1143 2178 1263 2265 τὴν
1293 2176 1543 2268 ὠλένην
1588 2172 1820 2255 αὐταῖς
1856 2181 2339 2266 στιλπνοτέραν
2386 2190 2624 2268 φανεῖ-

458 2287 632 2349 σθαι
677 2280 1342 2364 συναπολάμπουσαν
1400 2285 1498 2369 τῷ
1549 2285 1772 2368 χρυσῷ
1823 2283 1935 2348 καὶ
1979 2285 2099 2348 τοῦ
2141 2279 2358 2360 ποδὸς
2401 2279 2479 2348 τὸ
2529 2281 2619 2368 μὴ

457 2379 952 2470 εὐπερίγραφον
985 2381 1213 2469 λήσειν
1242 2378 1376 2450 ὑπὸ
1405 2387 1630 2470 χρυσῷ
1654 2383 1966 2471 σανδάλῳ
1996 2385 2108 2450 καὶ
2136 2382 2214 2450 τὸ
2246 2383 2627 2469 πρόσωπον

460 2477 620 2551 αὐτὸ
683 2481 1175 2569 ἐρασμιώτερον
1230 2484 1643 2572 γενήσεσθαι
1695 2489 1793 2573 τῷ
1850 2485 2273 2573 φαεινοτάτῳ
2328 2485 2628 2573 συνορώ-

454 2611 672 2672 μενον.
764 2579 915 2653 &MR
980 2584 1224 2656 ἐκεῖναι
1278 2589 1399 2673 μὲν
1458 2587 1696 2666 οὕτως·
1755 2585 1795 2674 ἦ
1855 2587 1931 2654 δέ
1972 2613 2045 2674 γε
2090 2587 2387 2676 σώφρων
2447 2587 2628 2655 οἰκία

453 2693 677 2777 χρυσῷ
706 2690 827 2775 μὲν
858 2686 943 2755 τὰ
975 2682 1301 2776 ἀρκοῦντα
1328 2691 1441 2757 καὶ
1470 2689 1677 2773 μόνον
1706 2688 1792 2756 τὰ
1832 2683 2156 2777 ἂναγκαῖα
2185 2693 2627 2777 προσχρῆται,

453 2790 531 2858 τὸ
582 2786 641 2858 δ’
697 2785 902 2879 αὐτῆς
945 2791 1187 2871 κάλλος
1232 2788 1347 2859 οὐκ
1394 2781 1474 2858 ἂν
1522 2791 1921 2876 αἰσχύνοιτο,
1970 2788 2179 2877 οἶμαι,
2225 2794 2339 2860 καὶ
2376 2789 2626 2879 γυμνὸν

458 2892 869 2967 δεικνύουσα.

389 3020 425 3076 g
633 2999 694 3062 8.
741 2997 877 3062 Καὶ
922 3002 1147 3063 τοίνυν
1195 2993 1242 3085 ἢ
1287 2996 1485 3063 τοῦδε
1526 3000 1647 3062 τοῦ
1704 2995 1888 3063 οἴκου
1942 2992 2192 3085 ὀροφή,
2249 2996 2509 3080 μᾶλλον
2554 2994 2623 3061 δὲ
2646 3006 2718 3057 195

457 3096 715 3185 κεφαλὴ
762 3090 1207 3182 εὐπρόσωπος
1262 3098 1383 3182 μὲν
1441 3101 1551 3166 καὶ
1596 3091 1763 3165 καθ’
1823 3097 2091 3186 ἑαυτήν,
2147 3100 2244 3185 τῷ
2280 3099 2511 3183 χρυσῷ
2559 3096 2629 3162 δὲ

459 3221 527 3275 ες
554 3200 875 3267 τοσοῦτον
903 3199 1322 3289 κεκόσμηται,
1369 3200 1466 3280 εἷς
1495 3194 1657 3268 όσον
1687 3204 1794 3268 καὶ
1835 3194 2115 3289 οὐρανὸς
2147 3198 2214 3267 ἐν
2259 3202 2447 3267 νυκτὶ
2493 3193 2626 3264 ὑπὸ

456 3303 591 3366 τῶν
637 3295 933 3388 ἀστέρων
979 3300 1048 3369 ἐκ
1093 3301 1551 3392 διαστήματος
1584 3302 2178 3422 περιλαμπόμενος
2219 3303 2332 3369 καὶ
2376 3299 2449 3367 ἐκ
2479 3300 2629 3367 δια-

458 3404 822 3488 λείμματος
869 3400 1099 3471 ἀνθῶν
1143 3409 1240 3492 τῷ
1286 3410 1472 3491 πυρί.
1562 3403 1622 3470 εἰ
1668 3404 1742 3471 δέ
1783 3429 1857 3490 γε
1899 3408 2035 3492 πῦρ
2078 3390 2158 3491 ῆν
2200 3403 2278 3472 τὸ
2327 3428 2504 3486 παν,
2553 3394 2628 3470 οὗ

455 3505 658 3586 καλὸς
704 3534 804 3589 αν,
852 3503 1025 3573 ἀλλὰ
1055 3505 1360 3629 φοβερὸς
1384 3501 1545 3594 ἡμῖν
1591 3503 1830 3585 ε’δοξεν.
1903 3506 2044 3575 ι’δοι
2075 3503 2142 3575 δ’
2193 3535 2276 3574 αν
2320 3531 2428 3586 τις
2473 3500 2624 3575 οὐδ’

458 3604 662 3694 ἀργὸν
694 3607 990 3676 ἐνταῦθα
1019 3609 1137 3676 τὸν
1162 3605 1408 3694 χρυσὸν
1440 3603 1594 3674 οὐδὲ
1621 3606 1830 3692 μόνου
1861 3612 1980 3676 τοῦ
2011 3614 2377 3698 τέρποντος
2408 3609 2630 3678 εἵνεκα

453 3713 553 3795 τῷ
612 3712 838 3797 λοιπῷ
891 3710 1120 3797 κόσμῳ
1179 3713 1751 3797 συνεσπαρμένον,
1810 3703 1982 3777 ἀλλὰ
2040 3716 2153 3781 καὶ
2211 3705 2418 3801 αῦγήν
2474 3739 2629 3781 τινα

454 3807 689 3899 ἡδεῖαν
756 3805 1154 3898 ἀπολάμπει
1217 3816 1330 3882 καὶ
1383 3811 1503 3880 τὸν
1555 3807 1736 3879 οἶκον
1801 3810 1958 3881 ὅλον
2026 3813 2476 3902 ἐπιχρώννυσι
2531 3816 2630 3902 τῷ

459 3911 862 3998 ἐρυθήματι·
908 3910 1170 3982 ὁπόταν
1212 3915 1337 4002 γὰρ
1366 3913 1445 3982 τὸ
1483 3917 1629 4002 φιῦς
1677 3914 2069 4002 προσπεσὸν
2114 3915 2474 4006 ἐφάψηται
2516 3919 2628 3985 καὶ

459 4007 807 4101 ἀναμιχθῇ
848 4018 943 4100 τῷ
970 4019 1211 4101 χρυσῷ,
1257 4017 1481 4085 κοινόν
1511 4042 1578 4083 τι
1608 4008 2176 4102 ἀπαστράπτουσι
2211 4024 2326 4087 καὶ
2374 4018 2626 4088 διπλα-
