2867 4525
229 803 281 844 G.

223 1415 278 1457 G·

216 2133 272 2174 e.
308 2118 406 2174 10.

210 2440 267 2482 G·

209 2851 265 2892 G.

205 3159 255 3206 Ο.

301 2427 400 2482 11.

300 2837 400 2892 14.

296 3144 394 3201 16.

953 302 1211 356 LUCIANI
1247 302 1677 359 ANAGHARSIS.
2040 386 2045 393 β
2270 305 2393 363 275

448 483 589 558 θείη
622 474 646 558 fl
676 472 942 542 τοιοῦτό
988 501 1063 540 τι
1108 478 1208 538 vel
1252 472 1349 541 οὕ
1360 500 1469 541 τω
1516 479 1866 542 διατιθέναι
1906 506 1990 526 ==
2024 477 2270 558 aliquem
2313 482 2397 541 ita

449 578 704 659 afficere.
781 580 972 640 Aliter
1015 598 1068 639 e.
1104 584 1162 640 9.
1209 571 1358 657 ἄξια
1403 593 1542 655 τοῖς
1587 583 1899 644 διαθεῖσιν
1944 576 2110 644 αὐτά
2153 607 2239 630 =
2281 581 2393 641 dis·

447 699 679 760 ponere.

399 826 415 845 .
448 779 613 846 ἄλλα
658 784 724 845 δὲ
772 778 925 862 ὴμῖν
970 781 1101 846 ἐστι
1145 807 1184 862 γ
1208 807 1249 846 υ
1272 807 1318 860 μ
1346 806 1386 847 ν
1416 778 1458 847 ά
1483 799 1521 846 σ
1547 808 1568 846 ι
1591 807 1633 846 α
1674 790 1946 847 τοιαῦτα
1991 791 2242 866 πυγμῆς
2285 790 2394 848 καὶ

446 888 669 948 δίσκου
714 879 738 966 ΙΙ
782 880 1310 962 γυμνάσματα
1360 892 1633 950 τοιαῦτα
1675 889 1740 946 ut
1781 903 1964 963 supra
2006 892 2166 950 τῶν
2210 909 2394 965 γυμ-

447 982 865 1064 νασμάτων
911 989 977 1050 δὲ
1020 983 1278 1052 τούτων
1322 1038 1335 1053 .
1386 1038 1400 1053 .
1452 1038 1466 1054 .
1502 984 1693 1068 πάλη.
1729 1031 1744 1048 .
1777 987 1869 1049 cf.
1903 986 1981 1048 ad
2008 987 2211 1050 Paras.
2245 1007 2296 1050 e.
2333 993 2394 1050 6.

445 1089 911 1150 Discernendum
942 1091 1096 1150 enim
1123 1092 1276 1150 inter
1304 1085 1381 1153 τὸ
1410 1084 1778 1169 γυμνάσιον
1809 1094 1871 1151 et
1890 1090 2156 1167 singulas
2185 1093 2392 1168 quales

446 1191 718 1253 hocloco
748 1193 1119 1254 nominantur
1149 1194 1598 1254 exercitationes
1626 1187 2047 1272 γυμνάσματα
2077 1192 2177 1252 vel
2205 1216 2293 1272 γυ
2309 1216 2390 1269 μ-

444 1299 729 1358 νασίαι.

392 1442 408 1458 .
441 1391 773 1473 πάνσεμνα
830 1440 846 1457 .
907 1440 921 1455 .
975 1398 1316 1474 κατέλεξας
1372 1393 1453 1461 τὰ
1511 1391 1701 1460 ἇθλλ.
1754 1402 1883 1474 καὶ,
1920 1388 2067 1475 ἄξια
2123 1410 2262 1474 τοῖς
2308 1441 2322 1456 .
2373 1441 2388 1456 .

443 1502 755 1563 διαθεῖσιν
801 1494 965 1561 αὐτὰ
1011 1505 1485 1576 φιλοτιμεῖσθαι
1517 1494 1542 1580 fl
1573 1498 1667 1559 Ab
1713 1490 1861 1576 ἄξια
1890 1499 2111 1576 pendet
2140 1507 2387 1577 φιλοτι·

438 1608 716 1680 μεῖσθαι,
760 1620 880 1661 non
924 1614 1061 1677 τοῖς
1107 1604 1421 1665 διαθεῖσιν
1467 1595 1648 1665 αυ’τά.
1694 1635 1780 1644 -
1823 1597 1913 1677 ὡς
1957 1599 2081 1665 οὐκ
2120 1596 2272 1664 ἐνόν
2302 1628 2388 1651 ==

441 1707 605 1783 quasi
659 1721 778 1764 mm
836 1702 997 1764 liceat
1052 1703 1267 1780 Seyff.
1321 1736 1405 1748 --
1459 1710 1658 1768 τοῦτο
1716 1700 1839 1784 φής
1897 1748 1912 1763 .
1970 1749 1988 1767 .
2050 1747 2063 1763 .
2111 1699 2385 1783 ἔχοντες.

438 1805 708 1883 Adposui
765 1808 994 1884 signum
1048 1808 1542 1884 interrogationis.
1606 1841 1689 1850 —
1745 1812 2074 1871 τοσοῦτον
2133 1812 2388 1888 πλῆθος

436 1905 498 1991 Ι.
533 1960 547 1974 .
584 1932 660 1973 το
693 1904 760 1968 Φ
805 1942 887 1952 -—
933 1906 1048 1972 ἐπ’
1091 1906 1334 1988 ὀλίγων
1366 1904 1389 1990 Ι]
1422 1926 1617 1970 coram
1665 1908 1739 1969 ef.
1786 1928 1840 1972 e.
1880 1914 1976 1970 17.
2021 1942 2103 1954 —
2151 1902 2384 1993 ῥαινο-

436 2014 674 2088 μένους
717 2007 736 2093 ΙΙ
780 2003 1141 2095 ῥεομένους
1185 2011 1330 2072 Oob.

439 2109 651 2178 πολλὰ
695 2109 774 2177 τὰ
820 2117 1091 2195 δυσχερῆ
1136 2109 1581 2194 α’νασχόμενον
1611 2164 1624 2179 .
1673 2164 1689 2178 .
1723 2108 1873 2177 τότ’
1917 2104 2032 2194 ἤδη
2065 2156 2081 2173 .
2115 2156 2131 2173 .
2164 2156 2179 2173 .
2213 2136 2383 2194 περι-

434 2218 667 2293 μένειν.
713 2217 1115 2279 Praeeedente
1137 2218 1449 2294 participio
1475 2237 1511 2278 a
1524 2234 1558 2278 o
1574 2219 1632 2277 ri
1647 2218 1741 2278 sti
1762 2211 1925 2295 τότε,
1950 2221 2014 2278 ut
2032 2221 2104 2278 te
2116 2235 2223 2294 mp
2237 2219 2341 2278 ori
2353 2236 2385 2278 s

435 2321 527 2380 vis
572 2323 877 2396 augeatur.
968 2318 1193 2379 Eodem
1238 2316 1416 2381 modo
1463 2319 1597 2383 εἶτα
1644 2320 1854 2380 similia
1899 2318 1974 2380 ef.
2022 2338 2075 2379 o.
2111 2324 2210 2380 35.

431 2417 740 2497 θαίμάτια
771 2410 807 2502 ΙΙ
826 2417 1133 2497 θοίμάτια
1164 2416 1302 2481 ΩΦ
1332 2457 1415 2466 —
1448 2418 1572 2485 κᾶν
1609 2420 1718 2486 ἐπ’
1750 2420 1992 2501 ὀλίγων
2037 2429 2195 2487 τῶν
2223 2445 2383 2503 μαρ-

437 2518 655 2605 τύρων
687 2520 863 2604 πάθη
893 2548 989 2600 τις
1022 2519 1045 2606 ΙΙ
1077 2543 1190 2584 0111.
1221 2532 1357 2589 τῶν
1386 2520 1454 2583 Φ
1486 2526 1579 2584 De
1608 2522 1733 2589 κᾶν
1765 2525 1836 2591 ef.
1875 2528 1974 2587 Bis
2006 2544 2201 2587 aecus.
2235 2544 2283 2591 c.
2327 2531 2380 2585 1.

430 2662 515 2672 —
550 2627 643 2686 De
682 2621 1109 2707 σχολάζουσιν
1155 2627 1281 2689 ἐπὶ
1310 2640 1451 2703 τοῖς
1495 2623 1818 2703 τοιούτοις
1849 2628 1926 2688 cf.
1961 2647 2013 2689 e.
2049 2634 2101 2694 9.
2151 2626 2376 2709 ὑπερε-

433 2732 884 2793 σπουδακέναι.

430 2826 613 2908 ὅπως
668 2828 750 2895 ἂν
808 2828 901 2895 τὰ
957 2828 1269 2896 κάλλιστα
1326 2837 1613 2913 οἰκηθείη
1658 2827 1848 2908 πόλις
1880 2828 1902 2913 ΙΙ
1936 2850 2056 2898 om.
2102 2829 2193 2897 τὰ
2239 2835 2375 2898 Cob.

429 2934 590 2993 Idem
637 2953 797 2995 error
842 2953 893 2995 o.
937 2938 1031 2999 30.
1083 2936 1145 3011 ἐς
1189 2930 1476 3012 πόλεμον
1529 2930 1617 2998 τὰ
1677 2926 1904 3015 ἄριστα
1950 2953 2377 3017 παρεσκευασ-

424 3039 598 3117 μένη.
691 3038 876 3097 Recte
921 3056 972 3097 e.
1015 3041 1102 3101 18.
1154 3032 1333 3113 ὅπως
1378 3033 1460 3100 ἂν
1505 3028 1733 3118 ι’]ἶριστα
1778 3033 1966 3114 πόλις
2013 3041 2281 3102 οἰκοῖτο.

426 3136 557 3203 άπὸ
602 3135 722 3220 γὰρ
751 3190 765 3204 .
801 3190 814 3203 .
850 3190 863 3204 .
906 3144 1199 3219 γίγνεται.
1276 3140 1447 3203 Αᾶᾶ.
1492 3143 1767 3216 punctum
1798 3173 1884 3183 —
1911 3138 2065 3221 μηδ’
2110 3141 2374 3206 ἐκείνων

426 3237 521 3305 ἔτι
563 3248 923 3321 καταγελᾶν
958 3241 977 3322 ΙΙ
1009 3239 1108 3321 μὴ
1137 3236 1206 3299 Ω
1236 3277 1320 3286 -
1350 3237 1751 3324 εἰρήσεται
1782 3238 1902 3323 γὰρ
1937 3239 1960 3324 ΙΙ
1992 3244 2058 3304 de
2101 3246 2190 3314 it‘S,
2235 3262 2377 3324 quae

424 3346 551 3424 quis
614 3353 844 3406 veretur
908 3344 1125 3423 δίσκῳ
1190 3341 1408 3405 differt¹
1434 3340 1742 3425 εἰρήσεται
1799 3341 1920 3425 γὰρ
1979 3342 2254 3425 τάληθὲς
2309 3357 2375 3406 ut

425 3447 632 3519 dicam,
678 3447 827 3526 quod
871 3464 1071 3508 verum
1112 3456 1209 3506 est.
1242 3480 1324 3490 —
1356 3442 1446 3523 ως
1488 3443 1572 3527 μὴ
1615 3442 1855 3522 μόνος
1900 3446 1969 3509 ἐν
2012 3444 2166 3522 ὑμῖν
2213 3451 2373 3524 ξενί-

422 3554 593 3629 ζοιμι
624 3556 717 3633 τῷ
750 3545 1014 3629 σχήματι
1046 3544 1070 3631 ΙΙ
1100 3544 1351 3625 μόνος
1383 3549 1522 3609 del.
1555 3547 1718 3609 det.
1751 3568 1886 3609 nam
1915 3551 2232 3630 verisimile
2263 3555 2369 3630 est,

425 3654 595 3712 etiam
630 3652 779 3713 alios
808 3654 870 3711 in
893 3651 1144 3712 Graecia
1173 3653 1519 3728 peregrinos
1550 3653 1664 3712 alio
1696 3653 1854 3711 eultu
1883 3654 1967 3712 uti
1994 3686 2081 3696 -
2109 3649 2371 3735 γηραιὸς

420 3745 537 3835 ἤδη
583 3745 939 3836 ἅνθρωπος
985 3749 1194 3834 ssadd.
1243 3750 1347 3817 ὢν
1393 3754 1470 3815 cf.
1519 3774 1569 3815 e.
1621 3758 1714 3818 39.
1767 3753 2207 3837 ἐκπρόθεσμος
2252 3749 2364 3822 ὧν.

422 3874 476 3917 ο.
516 3862 610 3917 17.
641 3852 849 3935 σοφὸς
896 3859 960 3920 δὲ
1007 3853 1102 3920 ὢν
1144 3859 1592 3933 μετεπαίδευσέ
1635 3880 1712 3932 με
1759 3892 1841 3902 -
1886 3854 2008 3937 ἐγὼ
2051 3862 2169 3934 μὲν
2211 3873 2369 3935 υμῖν

421 3955 673 4040 ἔγραψα
717 3955 871 4035 τοὺς
916 3954 1162 4036 νόμους
1220 3962 1402 4035 οἵους
1460 3955 1552 4023 ἂν
1613 3950 1796 4044 ᾤμην
1853 3957 2049 4038 ω’φελ.
2113 3956 2368 4024 ἔσεσθαι

415 4059 436 4145 ΙΙ
482 4063 809 4123 eiciendum
855 4059 949 4127 ἂν
993 4061 1154 4126 det.
1206 4062 1346 4126 Cob.

1954 4161 2058 4213 18*
