2867 4525
509 329 590 386 82
1410 328 1783 383 ΔΟΥΚΙΑΝΟΥ

402 516 475 571 19
509 498 636 584 γάρ
681 498 827 566 ἐστι
868 503 980 567 καὶ
1028 499 1169 584 εἰκῆ
1199 498 1542 585 λεγόμενα.
1621 504 1719 566 19.
1749 487 1829 586 ἢν
1861 498 1935 564 δέ
1964 523 2135 565 ποτε
2173 501 2285 566 καὶ
2318 483 2488 587 ᾆσαι
2529 524 2681 565 και-

503 597 622 686 ρὸς
667 597 841 669 εἶναι
900 602 1092 690 δοκῇ,
1150 602 1377 668 πάντα
1423 626 1535 668 σοι
1581 594 1856 690 ᾇδέσθω
1907 603 2019 668 καὶ
2064 602 2266 685 μέλος
2307 605 2679 687 γιγνέσθω.

499 706 610 769 καὶ
668 698 747 790 ἦν
809 728 981 770 ποτε
1035 698 1386 794 ἀπορήσῃς
1430 702 1825 791 πράγματος
1877 696 2157 789 ᾠδικοῦ,
2217 701 2374 781 τοὺς
2418 698 2679 789 ἄνδρας

499 804 656 883 τοὺς
701 805 1019 885 δικαστὰς
1063 802 1402 891 ὀνομάσας
1448 804 1749 890 ἐμμελῶς
1792 806 2310 893 πεπληρωκέναι
2353 804 2504 872 οἴου
2550 804 2679 892 τὴν

503 903 848 993 ἆρμονίαν.
921 907 997 975 τὸ
1047 907 1119 976 δὲ
1158 907 1343 993 οἴμοι
1386 910 1521 972 τῶν
1565 910 1776 975 κακῶν
1822 906 2168 987 πολλάκις,
2215 909 2323 974 καὶ
2372 902 2407 973 ὖ
2453 905 2681 996 μηρὸς

499 1014 987 1091 πατασσέσθω,
1030 1014 1143 1077 καὶ
1188 1009 1530 1096 λαρύγγιζε
1570 1013 1684 1076 καὶ
1715 1007 2173 1095 ἐπιχρέμπτου
2215 1022 2358 1087 τοῖς
2389 1010 2675 1096 λεγομέ-

501 1135 644 1189 νοις
684 1114 796 1179 καὶ
839 1111 1071 1197 βάδιζε
1099 1117 1495 1201 μεταφέρων
1540 1111 1658 1199 τὴν
1698 1105 1957 1199 πυγήν..
2006 1113 2119 1178 καὶ
2163 1100 2243 1201 ἢν
2284 1116 2406 1197 μέν
2453 1134 2531 1179 σε
2580 1109 2674 1202 μὴ

502 1211 901 1295 ἐπαινῶσιν,
962 1208 1314 1301 ἀγανάκτει
1356 1217 1468 1281 καὶ
1517 1216 1828 1302 λοιδοροῦ
1887 1208 2145 1292 αὐτοῖς·
2204 1203 2282 1302 ἢν
2340 1213 2413 1280 δὲ
2460 1207 2675 1298 ὀρθοὶ

500 1314 865 1404 ἑστήκωσιν
910 1312 1043 1385 ὑπὸ
1091 1321 1208 1403 τῆς
1241 1316 1552 1407 αἰσχύνης
1580 1313 1703 1407 ἤδη
1734 1314 1910 1403 πρὸς
1940 1314 2059 1405 τὴν
2106 1314 2335 1393 ἔξοδον
2381 1313 2672 1400 ἕτοιμοι,

496 1417 919 1498 καθέζεσθαι
973 1422 1227 1496 κέλευε,
1284 1424 1396 1487 καὶ
1444 1413 1617 1499 ὅλως
1659 1422 1966 1506 τυραννὶς
2024 1417 2099 1485 τὸ
2147 1421 2424 1503 πρᾶγμα
2468 1417 2673 1486 ἔστω.

396 1526 473 1582 20
507 1524 610 1588 20.
656 1513 845 1600 ὅπως
891 1522 965 1588 δὲ
1008 1526 1118 1590 καὶ
1162 1521 1236 1589 τὸ
1275 1525 1550 1608 πλῆθος
1592 1526 1726 1588 τῶν
1756 1521 1970 1608 λόγων
2013 1520 2475 1604 θαυμάζωσιν,
2526 1520 2672 1589 ἀπὸ

495 1626 632 1689 τῶν
657 1617 950 1692 Ἰλιακῶν
982 1620 1349 1710 ἀρξάμενος
1378 1615 1419 1711 ἢ
1453 1628 1565 1692 καὶ
1598 1624 1673 1712 νὴ
1696 1628 1837 1691 Δία
1869 1616 2007 1690 άπὸ
2041 1627 2176 1690 τῶν
2197 1624 2674 1702 Δευκαλίωνος

494 1727 607 1793 καὶ
638 1726 914 1812 Πύρρας
955 1730 1205 1814 γάμων,
1249 1717 1330 1816 ἢν
1363 1727 1544 1816 δοκῇ,
1591 1724 1991 1811 καταβίβαζε
2019 1722 2138 1793 τὸν
2180 1725 2374 1813 λόγον
2418 1725 2536 1794 ἐπὶ
2585 1723 2671 1794 τὰ

497 1831 611 1894 νῦν
654 1833 1088 1896 καθεστῶτα·
1134 1830 1201 1897 οἱ
1243 1831 1363 1914 μὲν
1404 1829 1531 1917 γὰρ
1563 1833 1893 1905 συνιέντες
1928 1822 2167 1913 ὀλίγοι,
2213 1829 2322 1894 καὶ
2364 1827 2671 1912 μάλιστα

495 1930 616 2014 μὲν
662 1930 1128 2018 σιωπήσονται
1170 1927 1294 1999 ὕπ’
1347 1926 1862 2019 εὖγνωμοσύνης,
1906 1920 1988 2019 ἢν
2023 1930 2096 1997 δὲ
2125 1933 2236 1996 καὶ
2283 1932 2529 2016 λέγωσί
2574 1942 2743 2011 τι,22

495 2026 631 2097 ὑπὸ
682 2032 952 2120 φθόνου
999 2026 1161 2100 αὐτὸ
1212 2032 1486 2111 δόξουσι
1532 2035 1727 2119 δρᾶν·
1791 2033 1855 2099 οἱ
1906 2034 2153 2100 πολλοὶ
2201 2032 2272 2099 δὲ
2314 2028 2389 2098 τὸ
2439 2035 2670 2119 σχῆμα

494 2136 606 2200 καὶ
649 2133 882 2222 φωνὴν
927 2139 1038 2202 καὶ
1066 2134 1370 2219 βάδισμα
1398 2138 1512 2202 καὶ
1545 2141 1924 2223 περίπατον
1966 2137 2078 2202 καὶ
2110 2136 2310 2218 μέλος
2351 2137 2461 2201 καὶ
2507 2160 2668 2222 κρη-

495 2235 668 2303 πῖδα
726 2238 840 2303 καὶ
900 2236 977 2305 τὸ
1038 2231 1207 2303 ἅττα
1261 2261 1380 2305 σου
1428 2237 1637 2305 ἐκεῖνο
1695 2236 2047 2322 τεθήπασι
2089 2239 2202 2306 καὶ
2247 2234 2365 2304 τὸν
2412 2236 2669 2322 ἱδρῶτα

496 2334 781 2423 δρῶντες
824 2342 936 2406 καὶ
980 2337 1054 2405 τὸ
1105 2326 1344 2424 ἆσθμα
1375 2334 1493 2408 οῧκ
1538 2341 1792 2424 ἔχουσιν
1838 2333 2029 2417 ὅπως
2074 2338 2530 2427 ἀπιστήσουσι
2573 2337 2665 2429 μὴ

497 2441 639 2523 οὐχὶ
698 2440 1061 2508 πάνδεινόν
1117 2468 1270 2511 τινα
1327 2442 1394 2510 ἐν
1446 2446 1598 2521 ’τοῖς
1650 2441 1872 2529 λόγοις
1928 2435 2297 2530 ἀγωνιστὴν
2344 2437 2523 2508 εἶναί
2568 2464 2665 2509 σε.

499 2537 717 2621 ἄλλως
761 2568 835 2610 τε
863 2546 975 2612 καὶ
1004 2543 1079 2611 τὸ
1126 2544 1287 2629 ταχὺ
1319 2548 1519 2612 τοῦτο
1566 2540 1642 2613 οὗ
1671 2544 1912 2629 μικρὰν
1944 2544 2079 2628 ἔχει
2122 2542 2241 2633 τὴν
2286 2536 2665 2630 ἀπολογίαν

496 2646 610 2710 καὶ
653 2649 893 2730 θαῦμα
924 2646 1113 2734 παρὰ
1143 2661 1286 2725 τοῖς
1315 2650 1632 2725 πολλοῖς·
1679 2640 1854 2713 ὥστε
1890 2639 2017 2733 ὅρα
2058 2646 2150 2734 μή
2185 2670 2354 2712 ποτε
2394 2646 2668 2734 γράψῃς

495 2735 541 2826 ἢ
596 2747 1016 2833 σκεψάμενος
1072 2751 1458 2838 παρέλθῃς,
1515 2748 1778 2835 ἔλεγχος
1828 2746 1955 2835 γὰρ
2017 2747 2243 2837 σαφὴς
2296 2746 2509 2815 ταῦτά
2569 2772 2666 2835 γε.

390 2858 465 2914 21
502 2852 604 2916 21.
632 2850 699 2916 οἱ
726 2853 917 2938 φίλοι
951 2851 1024 2918 δὲ
1068 2849 1607 2942 ἀναπηδάτωσαν
1637 2843 1743 2917 ἀεὶ
1773 2852 1884 2918 καὶ
1924 2847 2185 2934 μισθὸν
2214 2853 2346 2917 τῶν
2369 2850 2665 2918 δείπνων

495 2945 1034 3041 ἆποτινέτωσαν,
1112 2954 1179 3020 εἴ
1238 2979 1409 3021 ποτε
1484 2950 1842 3019 αι’σθοιντό
1912 2973 1988 3019 σε
2053 2952 2663 3037 καταπεσούμενον,

486 3067 680 3141 χεῖρα
709 3049 1054 3141 ὀρέγοντες
1081 3059 1193 3124 καὶ
1222 3060 1628 3140 παρέχοντες
1673 3049 1887 3141 εὑρεῖν
1929 3051 2004 3120 τὸ
2053 3054 2551 3174 λεχθησόμενον
2596 3053 2666 3121 ἐν

491 3169 637 3234 τοῖς
686 3154 934 3239 μεταξὺ
992 3160 1125 3224 τῶν
1183 3155 1481 3224 ἐπαίνων
1540 3156 2014 3240 διαλείμμασι·
2072 3159 2185 3224 καὶ
2240 3155 2366 3244 γὰρ
2428 3141 2511 3223 αὖ
2556 3164 2665 3222 καὶ

493 3257 691 3324 τοῦδε
733 3258 988 3340 μελέτω
1020 3280 1130 3326 σοι
1176 3256 1337 3347 [τὸν]
1376 3256 1578 3342 χορὸν
1624 3257 1792 3341 ε’χειν
1832 3257 2078 3326 οἰκεῖον
2121 3262 2235 3326 καὶ
2266 3253 2664 3348 συνᾴδοντα.

492 3362 708 3426 ταῖτα
750 3364 873 3445 μέν
919 3384 1029 3428 σοι
1057 3360 1141 3427 τὰ
1172 3360 1242 3427 ἐν
1286 3373 1430 3438 τοῖς
1464 3359 1704 3446 λόγοις.
1777 3359 1948 3445 μετὰ
1982 3364 2194 3426 ταῦτα
2227 3360 2300 3427 δὲ
2329 3359 2665 3444 προϊόντα

495 3484 571 3529 σε
602 3462 1189 3551 δορυφορείτωσαν
1220 3461 1781 3550 ἐγκεκαλυμμένον
1805 3456 2010 3529 αὗτὸν
2036 3465 2152 3529 καὶ
2181 3465 2341 3548 περὶ
2369 3456 2466 3529 ῶν
2498 3462 2665 3552 ἔφης

492 3563 738 3648 μεταξὺ
772 3556 1334 3651 διαλαμβάνοντα.
1408 3568 1519 3632 καὶ
1552 3560 1630 3654 ἢν
1657 3588 1761 3643 τις
1797 3562 2048 3652 ἐντύχῃ,
2094 3563 2454 3648 θαυμάσια
2500 3568 2659 3650 περὶ
2679 3577 2736 3629 23

492 3670 744 3734 σαυτοὶ
800 3669 948 3753 λέγε
999 3670 1114 3734 καὶ
1168 3663 1615 3754 ὑπερεπαίνει
1677 3667 1789 3732 καὶ
1846 3664 2158 3752 ἐπαχθὴς
2211 3672 2399 3752 γίνου
2463 3661 2666 3753 αὐτῷ.

491 3776 562 3836 τί
602 3768 730 3856 γὰρ
775 3764 810 3836 ὅ
860 3768 1232 3849 Παιανιεὺς
1286 3767 1465 3858 πρὸς
1522 3767 1676 3854 ἐμές
1728 3773 1872 3850 καί,
1930 3766 2124 3854 Πρὸς
2177 3767 2292 3835 ἕνα
2334 3767 2506 3846 ἰ’σως
2548 3794 2666 3853 μοι

495 3875 632 3939 τῶν
678 3872 994 3939 παλαιῶν
1041 3868 1075 3939 ὃ
1120 3865 1337 3959 ἅγιόν·
1381 3874 1495 3939 καὶ
1543 3869 1628 3937 τὰ
1672 3873 1975 3938 τοιαῦτα.

384 3991 465 4048 22
608 4036 613 4039 .
671 3977 773 4039 22.
803 3970 887 4041 Ὃ
932 3973 1004 4041 δὲ
1045 3978 1358 4060 μέγιστον
1400 3976 1514 4040 καὶ
1560 3970 1735 4059 πρὸς
1769 3971 1845 4038 τὸ
1889 3964 2263 4057 εὗδοκιμεῖν
2304 3965 2667 4058 ἀναγκαιό-

494 4098 697 4142 τατον
723 4067 970 4161 ’ὀλίγου
1015 4074 1155 4144 δεῖν
1206 4077 1716 4164 παραλέλοιπά,
1778 4069 2100 4142 ἁπάντων
2157 4075 2486 4160 καταγέλα
2531 4076 2663 4144 τῶν
