2867 4525
1065 247 1217 301 ΠΕΡΙ
1254 248 1633 302 ΠΑΡΑΣΙΤΟΥ.
2356 250 2434 308 35

452 422 658 481 ΤῩΧ.
702 417 840 482 Καὶ
886 423 1009 498 τίς,
1058 403 1112 482 (3
1157 422 1404 504 Σίμων,
1453 422 1613 503 περὶ
1649 420 1898 487 τούτου
1948 424 2155 507 λέγεις

439 521 542 583 35.
589 520 812 583 ΠΛΡ.
867 519 1129 585 Πολλοὶ
1172 518 1291 603 μὲν
1336 522 1446 585 καὶ
1496 515 1717 603 αλλοι,
1764 515 2232 608 Ἀριστόξενος
2278 522 2351 588 δὲ
2395 519 2526 589 635

254 614 614 701 μουσικός,
675 621 933 686 πολλοί
987 619 1184 707 λόγου
1231 616 1440 701 αξιος.
1491 620 1651 711 [καὶ]
1700 618 1902 702 αυτὸς
1946 624 2019 692 δὲ
2063 623 2442 709 παράσιτος

255 720 545 808 Νηλέως
596 704 702 808 νν]
750 714 1124 810 Ευριπίδης
1177 723 1298 807 μὲν
1350 724 1478 812 γὰρ
1535 718 1644 793 ότι
1688 721 2024 813 Ἀρχελάῳ
2077 730 2271 812 μέχρι
2319 729 2440 793 τοῦ

256 822 575 889 θανάτου
642 828 1000 906 παρεσίτει
1066 827 1177 890 καὶ
1228 819 1639 910 Ἀνάξαρχος
1684 821 2101 946 ’Alegdvdocp
2160 826 2434 907 πάντως

260 922 657 991 ἐπίστασαι.
728 927 836 991 36.
881 928 996 992 καὶ
1032 918 1500 1016 Ἀριστοτέλης
1546 929 1618 995 δὲ
1660 934 1777 1018 τῆς
1823 933 2272 1018 παρασιτικῆς
2312 925 2527 1018 ἤρ-Βθ

261 1025 429 1103 ξατο
494 1025 701 1108 μόνον
768 1018 1000 1124 ω’σπερ
1061 1031 1182 1095 καὶ
1232 1033 1364 1097 τῶν
1424 1027 1645 1097 αλλων
1694 1036 1959 1116 τεχνῶν.
2062 1039 2163 1101 37.
2225 1034 2422 1119 φιλο-
2446 1041 2521 1096 37

262 1127 525 1215 σόφους
588 1127 711 1213 μὲν
777 1125 918 1208 οὖν,
994 1128 1222 1215 ωσπερ
1288 1117 1395 1221 ῆν,
1463 1141 1842 1223 παρασιτίᾳ
1908 1136 2427 1214 σπουδάσαντας

262 1228 518 1308 ε’δειξα·
563 1230 945 1316 παράσιτον
991 1232 1064 1298 δὲ
1109 1226 1393 1312 οὗδεὶς’
1373 1233 1506 1317 ε’χει
1539 1236 1798 1323 φράσαι
1830 1238 2234 1326 φιλοσοφεῖν
2265 1238 2422 1305 ἐθε-

261 1330 585 1416 λήσαντα.
661 1336 761 1400 38.
806 1336 919 1401 καὶ
960 1338 1187 1417 μέντοι
1237 1336 1299 1402 εἰ
1343 1336 1526 1404 ἐστιν
1572 1333 1891 1424 ευδαιμον
1928 1341 2004 1408 τὸ
2051 1339 2141 1430 μὴ
2190 1344 2425 1429 πεινῆν
2446 1346 2522 1401 88

260 1434 438 1523 μηδὲ
492 1434 702 1523 διψῆν
753 1436 924 1524 μηδὲ
978 1438 1237 1524 ῥιγοῦν,
1290 1441 1506 1505 ταῦτα
1559 1434 1781 1507 οὐδενὶ
1835 1437 2017 1529 αλλῳ
2063 1437 2346 1526 ὖπάρχει
2392 1431 2434 1526 ἢ

262 1542 651 1623 παρασίτῳ.
726 1529 901 1604 ω’στε
946 1538 1370 1658 φιλοσόφους
1412 1536 1626 1624 μὲν”
1583 1568 1664 1608 αν
1705 1568 1813 1622 τις
1852 1541 2148 1620 πολλοὺς
2190 1546 2301 1608 καὶ
2332 1543 2434 1629 ῥι-

260 1643 551 1726 γοῦντας
601 1642 713 1707 καὶ
766 1644 1141 1720 πεινῶντας
1208 1634 1419 1727 εῧροι,
1487 1643 1873 1726 παράσιτον
1926 1644 1998 1710 δὲ
2053 1637 2157 1710 ου’·
2224 1632 2267 1728 ἢ
2321 1636 2438 1708 οὐκ

262 1731 361 1823 <³722
399 1741 502 1829 εἴη
558 1742 964 1829 παράσιτος,
1027 1742 1197 1810 ἀλλὰ
1253 1744 1575 1832 δυστυχής
1619 1769 1724 1823 τις
1765 1734 1807 1834 ἢ
1853 1743 2120 1827 πτωχὸς
2165 1739 2439 1827 ἅνθρω-

264 1868 404 1922 πος
447 1834 490 1931 ἢ
536 1843 900 1933 φιλοσόφῳ
946 1844 1204 1929 ὅμοιος.

442 1951 545 2014 39.
594 1954 800 2013 ΤΥΧ.
840 1943 1104 2026 Ἱκανῶς
1146 1947 1359 2015 ταῦτά
1400 1971 1495 2033 γε.
1570 1941 1678 2015 ὅτι
1725 1948 1796 2014 δὲ
1825 1947 1997 2016 κατὰ
2027 1946 2248 2014 πολλὰ
2281 1948 2432 2015 δια·
2447 1956 2524 2010 39

159 2053 467 2136 863φέρει
520 2049 940 2138 φιλοσοφίας
990 2053 1100 2118 καὶ
1157 2051 1506 2140 ῥητορικῆς
1548 2047 1588 2140 ἦ
1634 2049 2046 2140 παρασιτικὴ
2094 2061 2242 2129 πῶς
2288 2048 2438 2117 ἐπι-

258 2150 628 2233 δεικνύειςς

385 2318 388 2319 γ
444 2257 666 2321 ΠΛΡ.
715 2253 927 2337 Εἷσίν,
976 2239 1029 2320 ὦ
1069 2255 1394 2339 βέλτιστε,
1439 2257 1665 2342 καιροὶ
1707 2257 1827 2321 τοῦ
1873 2257 2008 2321 τῶν
2048 2245 2440 2339 ’ἀνθρώπων

267 2361 461 2441 βίου,
518 2353 553 2422 o‘
609 2362 732 2441 μέν
774 2381 879 2435 τις
925 2355 1215 2446 εἰρήνης,
1263 2353 1483 2442 οἶμαι,
1530 2353 1565 2423 ὅ
1616 2352 1676 2423 δ’
1731 2343 1812 2423 αὖ
1860 2359 2188 2441 πολέμου·
2243 2356 2311 2424 ἐν
2357 2355 2437 2447 δὴ

270 2457 541 2536 τούτοις
596 2462 792 2525 πᾶσα
845 2453 1090 2546 ἀνάγκη
1147 2459 1443 2547 φανερὰς
1496 2464 1814 2545 γίνεσθαι
1864 2458 1988 2537 τὰς
2038 2463 2270 2541 τέχνας
2324 2462 2438 2526 καὶ

264 2558 433 2638 τοὺς
489 2558 759 2643 ἔχοντας
809 2561 1059 2640 ταύτας
1103 2557 1339 2628 ὁποῖοί
1382 2566 1558 2639 τινές
1604 2560 1759 2626 εἰσι.
1846 2560 2177 2643 πρότερον
2222 2560 2322 2640 δέ,
2377 2559 2437 2626 εἰ

272 2663 484 2745 δοκεῖ,
541 2662 964 2746 σκοπώμεθα
1007 2661 1125 2730 τὸν
1166 2666 1289 2729 τοῦ
1332 2664 1632 2746 πολέμου
1675 2661 1935 2745 καιρόν,
1981 2663 2089 2727 καὶ
2135 2667 2312 2738 τίνες
2357 2650 2437 2728 ὃν

272 2763 408 2834 εἶεν
449 2764 749 2849 μάλιστα
780 2767 1282 2854 χρησιμώτατοι
1314 2764 1458 2852 ἰδίᾳ
1486 2788 1561 2830 τε
1591 2763 1866 2841 ἕκαστος
1897 2761 2078 2849 αὐτῷ
2106 2764 2215 2828 καὶ
2246 2765 2438 2851 κοινῇ

269 2871 358 2956 τῇ
404 2867 625 2935 πόλει.
1551 2855 1556 2860 ’

453 2977 665 3036 ΤΥΧ.
725 2964 820 3038 Οὐ
874 2968 1146 3054 μέτριον
1193 2962 1418 3056 άγιῦνα
1461 2968 1925 3054 καταγγέλλεις
1966 2969 2102 3032 τῶν
2147 2959 2435 3055 ἀνδρῶν·

271 3075 385 3140 καὶ
449 3071 652 3158 ἔγωγε
712 3071 928 3137 πάλαι
985 3072 1159 3157 γελῶ
1213 3064 1360 3137 κατ’
1428 3067 1716 3155 ἐμαυτὸν
1773 3067 2042 3149 ἐννοῶν,
2104 3081 2305 3147 ποῖος
2357 3059 2436 3134 ἂν

273 3175 377 3264 ε’ίη
430 3173 973 3258 συμβαλλόμενος
1017 3179 1377 3260 παρασίτῳ
1423 3172 1821 3260 φιλόσοφος.

443 3283 547 3342 40.
592 3279 812 3341 HAP.
849 3273 989 3344 Ἵνα
1051 3281 1277 3342 τοίνυν
1338 3273 1428 3360 μὴ
1497 3273 1676 3340 πάνυ
1728 3271 2081 3360 θαυμάζῃς
2129 3273 2298 3362 μηδὲ
2346 3271 2524 3340 τδ40

269 3382 555 3466 πρᾶγμα
621 3378 781 3465 δοκῇ
840 3400 951 3445 σοι
1006 3376 1244 3466 χλεύης
1301 3371 1523 3458 ἄξιον,
1594 3379 1757 3463 φέρε
1813 3373 2437 3460 προτυπωσώμεθα

270 3474 444 3567 παρ’
511 3475 668 3567 ἡμῖν
728 3472 956 3557 αὐτοῖς
1010 3473 1337 3567 ἠγγέλθαι
1381 3479 1504 3562 μὲν
1554 3476 1895 3565 αἰφνίδιον
1943 3475 2009 3554 ἐς
2051 3477 2171 3561 τὴν
2210 3474 2435 3563 χώραν

270 3582 749 3671 ἐμβεβληκέναι
804 3582 1208 3667 πολεμίους,
1269 3577 1448 3648 εἶναι
1492 3580 1565 3647 δὲ
1612 3574 1896 3666 ἀνάγκην
1943 3576 2280 3655 ἐπεξιέναι
2321 3581 2435 3645 καὶ

269 3683 361 3771 μὴ
421 3686 752 3770 περιορᾶν
808 3682 934 3761 ἔξω
989 3683 1354 3772 δῃουμένην
1404 3681 1527 3769 τὴν
1577 3685 1728 3769 γῆν,
1784 3680 1903 3748 τὸν
1950 3677 2316 3768 στρατηγὸν
2362 3680 2435 3749 δὲ

269 3786 762 3873 παραγγέλλειν
816 3785 1125 3862 ἅπαντας
1181 3785 1248 3863 ἐς
1301 3784 1419 3851 τὸν
1465 3785 1829 3869 κατάλογον
1869 3781 2031 3860 τούς
2075 3780 2145 3848 ἐν
2187 3778 2435 3871 ἡλικίᾳ,

269 3891 384 3958 καὶ
429 3885 511 3976 δὴ
556 3901 797 3976 χωρεῖν
840 3886 997 3965 τοὺς
1043 3883 1302 3969 ἄλλους,
1352 3885 1420 3954 ἐν
1468 3885 1540 3952 δὲ
1587 3885 1664 3973 δὴ
1711 3889 1975 3964 τούτοις
2014 3884 2437 3972 φιλοσόφους

270 3988 588 4080 τινὰςρήτ
632 3992 746 4058 καὶ
792 3993 955 4077 οράς
996 3992 1110 4057 καὶ
1154 3994 1593 4075 παρασίτους.
1676 3990 1947 4073 πρῶτον
1991 3991 2215 4052 τοίνυν
2262 3984 2435 4049 ἄπο-

2055 4089 2128 4139 3*
