2867 4525
1039 251 1044 256 '
1083 269 1235 322 ΠΕΡΙ
1272 269 1654 323 ΠΑΡΑΣιΤοΥ.
2377 270 2455 328 29

473 446 679 506 TYX.
726 442 889 518 Πῶς
937 432 1051 521 οῦχ
1096 434 1342 527 ἧδέως;

463 544 685 607 ΠΛΡ.
745 541 830 607 Εἰ
883 540 1011 628 γὰρ
1069 541 1203 625 έχει
1257 541 1332 609 τὸ
1399 555 1639 632 φαγεῖν
1697 536 1866 630 παρ’
1932 539 2205 622 ἑαυτοῦ,
2259 533 2451 606 πολλ’

293 639 545 725 ι’ίτοπα,
595 629 650 708 ῶ
689 643 1002 732 Τυχιάδη,
1048 646 1146 729 τῷ
1189 644 1480 730 τοιούτῳ
1506 650 1637 730 βίῳ
1679 645 2226 730 παρακολουθεῖν
2259 636 2457 729 ἀνάγ·

291 762 403 833 κη·
471 748 585 813 καὶ
634 740 839 833 αθρει
885 746 1093 813 πόσα.
1175 746 1280 813 δεῖ
1320 773 1441 814 τον
1484 748 1813 830 μέλλοντα
1854 747 2242 832 βιώσεσθαι
2284 741 2451 811 καθ’

2427 837 2460 863 Ἀ

289 844 539 936 ἡδονὴν
581 846 706 928 τὰς
758 847 1181 935 ἐγγινομένας
1238 842 1493 933 ὀρέξεις
1549 846 1825 929 ἇπάσας
1883 843 2329 937 ἀναπληροῦν.
2419 873 2459 936 η

291 958 364 1017 τί
410 950 586 1040 φής;

474 1060 682 1120 ΤΥΧ.
728 1045 958 1136 Κάμοὶ
1003 1053 1204 1120 δοκεῖ.

467 1159 687 1222 ΠΛΡ.
745 1151 998 1220 Οὐκοῦν
1053 1157 1153 1241 τῷ
1207 1155 1330 1240 μὲν
1388 1155 1592 1239 συχνὰ
1636 1160 2005 1244 κεκτημένῳ
2051 1155 2219 1235 ἴσως
2260 1158 2459 1222 τοῦτο

291 1253 613 1342 ὑπάρχει,
658 1261 757 1343 τῷ
801 1258 874 1325 δὲ
921 1250 1114 1344 ὀλίγα
1157 1262 1268 1325 καὶ
1313 1257 1521 1346 μηδὲν
1566 1254 1815 1326 οὗκέτι·
1890 1250 2066 1324 ὥστε
2095 1263 2302 1346 πένης
2344 1259 2461 1324 οὐκ

296 1350 380 1426 ἀν
426 1358 644 1449 σοφὸς
684 1363 944 1444 γένοιτο
991 1358 1144 1427 ου’δὲ
1198 1359 1502 1448 ἐφίκοιτο
1555 1364 1676 1428 τοῦ
1717 1361 1966 1441 τέλους,
2012 1361 2179 1446 λέγω
2225 1361 2298 1428 δὲ
2341 1364 2462 1427 τοῦ

292 1458 513 1548 ἡδέος.
604 1456 758 1527 ἀλλ’
821 1455 977 1527 οῦδὲ
1032 1460 1165 1551 μὴν
1220 1459 1254 1529 ὅ
1311 1461 1666 1544 πλούσιος,
1723 1461 1759 1529 ὃ
1820 1461 2011 1545 παρὰ
2066 1467 2184 1553 τῆς
2229 1457 2462 1540 οὐσίας

298 1558 633 1652 ἀφθόνως
675 1577 828 1643 ταῖς
872 1562 1281 1648 ἐπιθυμίαις
1304 1569 1622 1653 χορηγῶν,
1670 1564 2026 1653 δυνήσεται
2065 1564 2262 1630 τοῦδε
2308 1562 2460 1651 ἐφι-

295 1670 565 1733 κέσθαι.
656 1674 728 1733 τί
781 1667 860 1756 δή
909 1692 1111 1751 ποτες
1164 1661 1270 1735 ὅτι
1316 1675 1512 1733 πᾶσα
1556 1660 1802 1755 ἀνάγκη
1854 1664 1972 1733 το“ν
2019 1659 2463 1731 ἀναλίσκοντα

295 1767 381 1835 τὰ
440 1766 684 1834 ἑαυτοῦ
738 1771 1028 1848 πολλαῖς
1086 1775 1532 1852 περιπίπτειν
1590 1763 1886 1857 ἀηδίαις,
1943 1771 2141 1834 τοῦτο
2187 1767 2308 1851 μὲν
2363 1770 2463 1853 τῷ

296 1876 598 1958 μαγείρῳ
656 1874 872 1949 κακῶς
930 1870 1329 1938 σκευάσαντι
1382 1868 1460 1938 τὸ
1521 1864 1702 1955 ὄψον
1755 1865 2134 1954 μαχόμενον
2174 1859 2218 1959 ἢ
2263 1868 2325 1937 εἰ
2367 1866 2457 1959 μὴ

297 1973 584 2057 μάχοιτο
631 1974 860 2062 φαῦλα
902 1971 1091 2057 παρὰ
1147 1972 1387 2039 τούτου
1443 1971 1769 2039 ἐσθίοντα
1824 1971 1908 2038 τὰ
1969 1968 2119 2056 ὄψα
2171 1975 2284 2040 καὶ
2341 1975 2461 2039 τοῦ

298 2072 496 2164 ἡδέος
536 2071 959 2159 ὑστεροῦντα,
1004 2077 1202 2140 τοῦτο
1249 2075 1321 2141 δὲ
1363 2078 1463 2161 τῷ
1498 2074 1958 2157 οἰκονομοῦντι
2000 2073 2086 2141 τὰ
2128 2073 2298 2142 κατὰ
2341 2073 2461 2161 τὴν

193 2190 282 2241 851
303 2177 548 2259 οἰκίαν,
591 2176 651 2243 εἰ
688 2176 778 2266 μὴ
827 2178 1046 2254 καλῶς
1085 2175 1493 2265 οἰκονομοίη,
1533 2176 1926 2260 μαχόμενον.
1996 2166 2038 2266 ἢ
2070 2169 2185 2258 οὐχ
2216 2168 2462 2258 οῧτως,·

480 2286 687 2346 TYX.
735 2277 843 2368 Νὴ
887 2283 1048 2360 Δία,
1093 2277 1297 2363 κάμοὶ
1344 2279 1542 2347 δοκεῖ.

470 2385 691 2449 ΠΛΡ.
746 2384 861 2466 Τῳ
916 2381 1040 2464 μὲν
1085 2375 1202 2447 οὖν
1238 2376 1605 2468 Ἐπικούρῳ
1660 2381 1888 2449 πάντα
1938 2380 2320 2466 ξυμβαίνειν
2366 2380 2463 2446 εἰ·

296 2483 432 2561 κός,
492 2475 667 2549 ω’στε
725 2476 1053 2550 οὐδέποτε
1106 2478 1411 2561 τεύξεται
1460 2487 1581 2550 τοῦ
1637 2485 1899 2561 τέλους·
1954 2486 2052 2569 τῷ
2109 2483 2183 2549 δε
2237 2507 2457 2564 παρα·

298 2590 470 2671 σίτῳ
515 2609 671 2651 ουτε
712 2585 1031 2672 μάγειρός
1088 2583 1270 2652 ἐστιν
1315 2578 1373 2671 ᾦ
1414 2585 1819 2672 χαλεπήναι,
1866 2580 2021 2652 οῦτε
2066 2580 2265 2671 ἀγρὸς
2311 2579 2463 2650 ούτε

300 2685 657 2769 οἰκονόμος
698 2682 851 2753 οὔτε
898 2680 1200 2772 ἀργύρια,
1246 2683 1416 2771 ύπὲρ
1450 2680 1542 2752 ῶν
1580 2681 2020 2770 ἀπολομένων
2064 2680 2462 2773 ἀχθεσθείη,

298 2790 410 2855 καὶ
459 2787 688 2854 πάντα
718 2787 871 2870 ἔχει,
916 2782 1090 2855 ὥστε
1131 2792 1245 2855 καὶ
1289 2788 1500 2877 φάγοι
1527 2792 1640 2856 καὶ
1685 2795 1839 2856 πίοι
1865 2782 2072 2871 μόνος
2103 2782 2296 2865 οὗτος
2324 2783 2460 2853 ὖπὸ

297 2888 607 2980 μηδενός,
654 2883 748 2955 ῶν
794 2888 1083 2968 ἐκείνους
1127 2885 1394 2978 ἀνάγκη,
1442 2888 1930 2974 ἐνοχλούμενος.

483 2999 579 3061 13.
604 2985 783 3057 Ἀλλ’
835 2985 944 3060 ὅτι
985 2994 1108 3077 μὲν
1144 2998 1334 3080 τέχνη
1368 2988 1618 3079 ἐστὶνῆ
1667 2990 2098 3079 παρασιτική,
2142 2984 2266 3059 κάκ
2308 2990 2464 3058 τού-
2482 3009 2555 3066 13

301 3120 439 3161 των
489 3096 605 3160 καὶ
660 3096 796 3159 τῶν
863 3088 1085 3160 αλλων
1143 3095 1384 3173 ἱκανῶς
1451 3093 1801 3161 δέδεικται.
1890 3092 2136 3162 λοιπὸν
2192 3087 2299 3163 ότι
2353 3097 2468 3161 καὶ

305 3195 551 3285 ἀρίστη
598 3195 906 3270 δεικτέον,
950 3198 1064 3263 καὶ
1107 3201 1305 3263 τοῦτο
1352 3190 1469 3295 ούχ
1500 3193 1753 3277 ἅπλῶς,
1798 3190 1968 3262 ἀλλὰ
2010 3200 2283 3279 πρῶτον
2325 3200 2467 3280 μέν,

304 3291 417 3365 ότι
459 3301 653 3386 κοινῇ
698 3302 938 3365 πασῶν
984 3300 1293 3419 διαφέρει
1337 3301 1471 3364 τῶν
1514 3302 1786 3380 τεχνῶν,
1835 3295 1982 3365 εἶτα
2026 3296 2136 3365 ὅτι
2177 3301 2291 3365 καὶ
2337 3297 2471 3383 ἰδίᾳ

304 3399 612 3488 εκάστης.
698 3405 890 3489 κοινῇ
944 3402 1066 3486 μὲν
1125 3387 1240 3467 οῦν
1289 3396 1577 3466 ἆπασῶν
1622 3393 1795 3466 ούτω
1850 3400 2187 3489 διαφέρει·
2245 3399 2473 3487 πάσης

302 3499 432 3589 γάρ
478 3507 710 3590 τέχνης
755 3497 999 3589 ἀνάγκη
1044 3502 1415 3589 προσάγειν
1443 3501 1749 3589 μάθησιν
1785 3501 1998 3568 πόνον
2042 3500 2259 3589 φόβον
2303 3502 2473 3589 πλη-

303 3603 465 3690 γάς,
525 3603 703 3690 ὅπερ
748 3598 866 3671 οὒκ
908 3604 1091 3671 ἔστιν
1134 3596 1322 3681 όστις
1367 3597 1486 3669 οῦκ
1532 3630 1612 3670 αν
1658 3603 2053 3683 ἀπεύξαιτο·
2110 3601 2357 3689 ταύτην
2402 3603 2475 3670 δὲ

306 3704 430 3794 τὴν
475 3711 738 3794 τέχνην,
794 3702 889 3784 ὥς
932 3706 1137 3786 ἔοικε,
1194 3704 1405 3793 μόνην
1461 3704 1678 3783 ἔξεστι
1732 3709 1984 3789 μαθεῖν
2039 3699 2195 3772 ἄνευ
2240 3704 2475 3772 πόνου.

305 3814 414 3887 τίς
457 3806 589 3895 γὰρ
634 3804 773 3875 ἀπὸ
824 3809 1102 3875 δείπνου
1147 3807 1317 3873 ποτὲ
1365 3801 1641 3895 ἀπῆλθε
1681 3808 1958 3889 κλαίων,
2012 3799 2245 3895 ῶσπερ
2287 3806 2479 3887 τινὰς

311 3911 382 3978 ἐκ
423 3914 563 3977 τῶν
608 3909 1096 3977 διδασκαλείων
1140 3904 1428 3993 ὁρῶμεν,
1487 3914 1593 3987 τίς
1645 3902 1706 3974 δ’
1760 3908 1878 3977 ἐπὶ
1932 3911 2208 3978 δεῖπνον
2252 3903 2479 3978 ἀπιῶν

202 4030 294 4082 852
311 4011 521 4101 ὤφθη
558 4012 989 4096 σκυθρωπός,
1035 4009 1266 4095 ὥσπερ
1299 4011 1366 4077 οἱ
1396 4009 1465 4088 ἐς
1497 4009 1584 4076 τὰ
1615 4010 2051 4078 διδασκαλεῖα
2081 4012 2482 4099 φοιτῶντες,·
