2867 4525
424 257 548 317 266
1158 255 1536 310 ADNOTATIO
1575 255 1845 311 cR1Tch.

652 431 766 493 bito
810 450 868 493 se
926 427 1245 510 emunqere’
1295 430 1456 507 quod
1499 435 1590 492 est
1643 431 1943 492 hominum
1988 433 2306 508 agrestium
2349 458 2441 476 --·
2484 438 2594 496 καί

634 558 708 598 τι
753 528 1006 612 α’γαθόν
1038 529 1062 615 ΙΙ
1094 537 1201 597 καὶ
1243 537 1308 596 τί
1351 528 1626 612 α’γαθόν.
1662 532 1827 595 det.

425 653 473 702 o.
507 639 603 696 12.
635 632 673 716 ἡ
721 638 786 699 δὲ
831 638 1065 714 ἔφεσις.
1158 633 1249 695 Of.
1283 652 1336 695 o.
1371 639 1429 695 4.

424 756 477 798 e.
510 740 606 799 13.
638 736 835 802 οἶσθα
890 732 928 801 ὃ
981 731 1321 817 δράσομεν.
1409 733 1509 797 Sic
1564 753 1769 797 omnes
1826 736 2062 799 eodioes
2117 739 2359 813 praeter
2400 737 2459 800 A
2506 764 2592 780 --

636 839 1056 917 λειποταξίου
1090 834 1115 921 ΙΙ
1147 837 1534 915 λιποταξίου
1575 830 1623 895 Γ
1742 852 1753 861 ·

425 960 477 1003 e.
509 947 607 1003 14.
639 937 1146 1017 διανύσωμεν
1178 936 1202 1023 fl
1233 934 1747 1015 διαλύσωμεν
1777 932 1974 1017 (ΩΨ)
2005 934 2390 1014 διαλύσομεν
2421 932 2474 996 Γ
2502 972 2595 983 -

639 1037 1696 1124 δεδικάσονταιΙέκδικασθήσονται
1721 1040 1867 1102 Oob.
1896 1044 2042 1104 -εἰ
2058 1045 2165 1105 καὶ
2185 1037 2279 1122 μὴ
2303 1048 2515 1106 παλα
2531 1065 2592 1103 ι-

639 1141 729 1210 όν
752 1143 771 1228 ΙΙ
791 1169 831 1209 ν
846 1167 874 1208 ε
888 1168 980 1226 αρ
994 1142 1032 1208 o'
1046 1169 1085 1209 ν
1107 1138 1245 1209 ΩΓ.
1293 1144 1442 1205 Sunt
1462 1146 1631 1221 quasi
1653 1143 1805 1205 duae
1828 1146 2071 1205 semitae
2091 1162 2203 1222 per
2223 1148 2405 1206 totum
2427 1144 2593 1205 huno

640 1248 969 1328 dialogum,
1024 1247 1297 1308 diversae
1312 1290 1330 1325 ‚
1390 1264 1635 1324 quarum
1691 1264 1823 1307 eum
1880 1249 1979 1307 vix
2035 1247 2152 1307 diei
2207 1248 2400 1324 possit
2455 1250 2593 1308 utra

639 1351 854 1411 reetior
900 1351 1006 1421 sit,
1064 1349 1302 1410 eodiees
1358 1350 1616 1427 optimae
1672 1351 1850 1409 notae
1908 1353 1970 1409 et
2023 1349 2122 1409 hie
2166 1351 2228 1409 et
2269 1349 2419 1409 alias
2462 1342 2592 1409 ΩΓ

639 1451 1006 1530 sequendum
1042 1469 1172 1512 esse
1211 1451 1365 1515 duxi.
1391 1483 1480 1495 --
1500 1448 1817 1532 Ρητορικὴ
1847 1445 2191 1528 κακώσεως
2219 1457 2327 1536 τῷ
2354 1444 2590 1536 Σύρῳ

640 1551 661 1636 ΙΙ
687 1577 787 1637 πρ
804 1550 841 1619 ὸ
857 1577 889 1631 ς
918 1549 1059 1617 τὸν
1090 1549 1198 1617 Σύ
1215 1575 1254 1634 ρ
1270 1575 1358 1618 ον
1380 1550 1548 1614 det.
1580 1554 1720 1629 quia
1741 1547 1918 1614 ΩΓἋ
1947 1551 2170 1614 habent
2195 1547 2315 1617 τὸν
2337 1548 2589 1635 Σύρον,

637 1658 911 1735 idemque
938 1657 1402 1733 suprascriptum
1434 1659 1527 1716 est
1554 1657 1615 1715 in
1642 1655 1719 1734 A,
1761 1658 2076 1733 praeterea
2101 1657 2165 1716 in
2195 1650 2275 1716 Ψ
2316 1660 2407 1717 est
2446 1661 2589 1719 τῶν

639 1755 876 1841 Σύρων
907 1759 1068 1837 quod
1094 1761 1360 1836 proxime
1391 1759 1563 1820 abest
1590 1777 1627 1818 a
1653 1754 1773 1822 τὸν
1793 1765 1870 1822 Σ.
1903 1759 2158 1836 denique
2189 1759 2348 1836 quod
2377 1758 2591 1820 eadem

639 1860 895 1923 formula
920 1864 983 1923 in
1017 1880 1067 1925 e.
1107 1866 1202 1923 19.
1240 1867 1549 1926 καθίσατε
1577 1863 1640 1926 οἳ
1669 1867 1748 1942 τῇ
1776 1867 1959 1944 Στοᾷ
1987 1857 2181 1942 πρὸς
2209 1857 2351 1943 τὴν
2369 1858 2452 1927 ‘H
2457 1865 2496 1925 δ
2505 1885 2588 1926 ο-

641 1960 786 2043 νήν
831 1961 1152 2045 λαχόντες.

432 2087 484 2129 e.
518 2072 611 2129 15.
643 2064 794 2132 κᾶν
839 2067 942 2131 ἐπὶ
985 2061 1326 2151 τριωβόλῳ
1359 2063 1382 2145 ΙΙ
1414 2067 1509 2126 De
1552 2061 1677 2129 κᾶν
1723 2063 1801 2125 ef.
1847 2064 1944 2125 ad.
1990 2081 2044 2125 e.
2083 2070 2136 2126 l.
2167 2099 2252 2109 -—
2281 2060 2450 2146 πλὴν
2485 2062 2590 2128 εὕ-

640 2166 951 2248 γνώμονοῖ
993 2192 1063 2247 γε
1104 2174 1308 2232 ταῦτα
1354 2163 1566 2231 ἔοικεν
1597 2164 1828 2244 α’ξιοῦν
1856 2170 1922 2227 ut
1950 2170 2181 2228 eon-exi
2209 2167 2363 2227 Piso.
2395 2184 2447 2227 ο.
2487 2172 2586 2228 10.

645 2269 813 2337 ἔοικε
855 2269 976 2353 γὰρ
1023 2269 1145 2335 οὐκ
1190 2261 1394 2349 ἄλογα
1438 2268 1474 2333 ὃ
1525 2266 1690 2354 ἀνὴρ
1735 2267 1980 2348 α’ξιοῦν.

434 2393 488 2435 e.
516 2379 613 2435 16.
642 2377 838 2455 μηδὲν
883 2368 1149 2454 αἰσχρὸν
1181 2365 1276 2435 ὧν
1307 2367 1691 2455 πράξειεν
1722 2367 2051 2455 οἰόμενοιΙΙ
2078 2367 2588 2455 προστάξειεν

644 2471 714 2536 Ω
758 2481 821 2537 et
847 2471 899 2535 Γ
941 2474 1024 2555 (in
1065 2476 1212 2553 rae.)
1256 2509 1341 2519 --
1381 2475 1720 2557 ψαλτρίας
1750 2471 1774 2558 ΙΙ
1804 2470 2131 2557 ψάλτριαν
2160 2470 2281 2535 ΩΓ

433 2598 488 2641 e.
517 2584 614 2640 17.
645 2582 754 2643 καὶ
776 2573 893 2660 τὴν
923 2575 1274 2659 αὐλητρίδα
1296 2573 1663 2641 κατεσιώπα
1685 2573 1704 2660 u
1732 2572 1945 2641 σιω’πα
1957 2578 2039 2637 Μ.
2060 2609 2147 2623 --
2168 2579 2273 2642 οἳ.
2291 2627 2306 2642 .
2324 2628 2340 2642 .
2360 2575 2427 2641 εἶ
2442 2580 2483 2640 δ
2495 2599 2533 2640 ο
2548 2600 2591 2641 ν

641 2678 777 2766 Ιοὶ
824 2726 839 2741 .
886 2725 902 2741 .
948 2724 965 2741 .
1012 2674 1274 2753 ἰδόντες
1314 2674 1366 2739 Γ
1410 2713 1497 2725 --
1540 2663 2009 2762 α’φαιρεῖταί
2041 2676 2065 2762 ΙΙ
2098 2677 2492 2762 ἀφῃρεῖτο
2536 2677 2594 2744 U

645 2819 728 2829 —-
783 2782 1066 2867 ἠρυθρία
1123 2785 1190 2847 δὲ
1246 2779 1458 2846 κατ’
1516 2805 1557 2845 α
1584 2785 1671 2846 ίδ
1694 2804 1748 2846 ω
1806 2805 1939 2847 των
1997 2784 2349 2863 δρωμένων
2392 2779 2418 2861 ΙΙ
2461 2786 2595 2846 καὶ

645 2890 870 2951 αἰδοῖ
891 2911 948 2950 τ.
981 2889 1034 2950 δ.
1058 2884 1224 2948 det.
1251 2883 1328 2945 ef.
1362 2903 1411 2946 e.
1449 2888 1507 2947 8.
1539 2887 1713 2949 αἰδοῖ
1737 2891 1862 2950 τοῦ
1891 2880 2226 2966 σχήματος.
2269 2888 2378 2947 καὶ
2408 2882 2597 2961 (quod

643 2984 697 3049 Γ
726 2987 929 3068 habet)
974 2993 1034 3050 et
1074 2984 1239 3052 κατὰ
1281 2990 1342 3047 in
1388 2987 1686 3049 codicibus
1730 2992 1930 3049 notum
1962 2992 2054 3048 est
2093 2987 2417 3064 persimilis
2460 3003 2596 3047 esse

646 3093 835 3167 signa.
881 3124 968 3135 --
1009 3088 1282 3166 κόσμιον
1328 3081 1765 3171 ανθρωπον
1797 3087 1821 3172 ss
1853 3082 2108 3171 α’νδρα
2139 3083 2296 3149 ΩΙ·
2270 3079 2596 3170 ,ἅνθρω-

646 3214 769 3268 πος
811 3190 940 3253 fere
986 3210 1119 3253 eum
1161 3196 1499 3269 eontemptu
1539 3192 1795 3269 quodam
1822 3197 2140 3271 usurpatur
2167 3190 2246 3253 ef.
2276 3191 2408 3270 Iup.
2438 3195 2595 3270 trag.

644 3314 696 3358 e.
730 3300 831 3356 44.
877 3293 1175 3355 Lucianus
1216 3294 1338 3354 vol.
1368 3295 1446 3354 II.
1491 3295 1557 3360 P.
1593 3296 1670 3355 H.
1715 3314 1856 3373 pag.
1894 3299 2028 3360 187.

434 3418 484 3462 e.
514 3402 604 3464 18.
642 3390 778 3479 ἶὶγε
821 3393 896 3479 δὴ
930 3391 1011 3478 ΙΙ’
985 3387 1218 3477 α’γετε
1260 3390 1384 3456 ΩΓ
1426 3429 1512 3442 -·-·
1555 3392 1871 3479 α’νάστητε
1901 3393 1927 3481 ΙΙ
1961 3391 2026 3482 []
2071 3391 2198 3458 ΩΓ

434 3521 481 3567 o.
518 3507 609 3568 19.
646 3492 693 3584 ἧ
733 3495 1268 3583 κατάγραφος
1300 3488 1346 3578 ἡ
1378 3495 1469 3563 τὰ
1499 3506 1763 3565 ποικίλα
1795 3497 1876 3564 σὺ
1902 3491 2019 3582 ἤδη
2050 3501 2192 3580 λέγε
2222 3489 2327 3583 11η
2354 3491 2600 3562 κατά-

644 3626 953 3687 γραφος
997 3603 1192 3664 deleto
1236 3592 1283 3682 ἡ
1324 3619 1410 3663 τα
1456 3602 1754 3664 ποικίλα.
1838 3602 2003 3664 det.
2047 3603 2374 3663 Permirum
2421 3600 2597 3679 enim,

645 3732 683 3788 η
704 3703 784 3771 τὰ
807 3711 1071 3772 ποικίλα
1092 3709 1213 3766 tam
1227 3705 1327 3767 diu
1340 3708 1594 3766 aetatem
1609 3707 1833 3768 tulisse.
1877 3700 2158 3782 Nempe‘
2131 3728 2170 3786 η
2195 3727 2234 3768 κ
2249 3697 2395 3768 ani
2410 3725 2502 3785 γρ
2518 3724 2600 3767 α-

647 3832 794 3889 φος
836 3814 929 3872 est
968 3812 1102 3888 ipsa
1128 3808 1304 3871 Stoa
1341 3814 1399 3870 et
1426 3805 1465 3891 ἡ
1492 3804 1576 3873 τὰ
1606 3815 1869 3873 ποικίλα
1896 3810 1981 3870 nil
2008 3809 2123 3870 nisi
2151 3808 2357 3886 glossa
2387 3805 2466 3866 ad
2496 3823 2597 3867 ex·

644 3911 984 3988 plieandum
1014 3909 1052 3992 ἢ
1081 3914 1342 3992 καταγρ.
1384 3911 1541 3973 male
1585 3912 1800 3976 addita.
1835 3944 1920 3955 —
1950 3911 2376 3990 ἐσκευασμένη
2409 3904 2434 3990 ΙΙ
2465 3899 2601 3972 §ve-

647 4013 1038 4092 σκευασμένη
1084 4011 1225 4077 Oob.
