2867 4525
1090 267 1469 323 ΑΝΑΧΑΡΣίΣ.
2289 269 2367 326 51

381 446 478 505 15.
525 442 743 506 ΣΟΛ.
798 436 899 504 Τὰ
945 438 1066 522 μὲν
1110 439 1337 505 πάντα
1382 431 1460 504 οὗ
1500 436 1752 526 ῥᾴδιον,
1801 424 1858 505 αἶ
1899 437 2142 524 ἑταῖρε,
2190 440 2458 507 aasz-15

206 546 361 609 θεῖν
405 540 474 607 ἓν
517 546 772 627 βραχεῖ,
821 535 993 606 ἀλλὰ
1039 541 1209 607 κατὰ
1251 546 1419 630 μέρη
1466 538 1681 608 ἐπιών
1730 540 1876 629 εἴσῃ
1924 540 2201 625 ἕκαστα,
2261 541 2374 609 οἶα

205 644 324 727 μὲν
367 645 532 728 περὶ
575 646 782 722 θεῶν,
830 640 944 708 οἶα
991 642 1064 710 δὲ
1095 647 1254 727 περὶ
1299 644 1549 730 γονέων
1591 631 1636 728 ἢ
1680 645 1839 726 περὶ
1874 642 2107 728 γάμων
2149 634 2193 730 ἢ
2236 648 2371 712 ταῖν

210 741 425 812 ἄλλων
473 744 660 812 δοκεῖ
700 740 879 831 ἡμῖν.
971 743 1014 809 ἃ
1061 744 1133 812 δὲ
1177 748 1336 833 περὶ
1379 747 1515 811 τῶν
1559 748 1727 811 νέων
1769 743 2215 830 γιγνώσκομεν
2259 750 2370 815 καὶ

209 847 391 925 ὅπως
437 843 674 925 αὐτοῖς
712 846 1075 932 χρώμεθα,
1135 845 1416 915 ἐπειδὰν
1460 849 1731 932 πρῶτον
1777 840 2108 932 ἄρξωνται
2151 853 2372 916 συνιέ-

207 974 312 1016 ναι
353 974 428 1016 τε
473 951 598 1014 τοῦ
639 950 989 1033 βελτίονος
1030 951 1141 1016 καὶ
1170 953 1270 1036 τῷ
1301 944 1568 1034 σώματι
1600 942 2040 1035 ἀνδρίζεσθαι
2068 951 2180 1016 καὶ
2209 945 2370 1038 ὖφί-

210 1056 512 1117 στασθαι
560 1050 717 1129 τοὺς
759 1050 1030 1131 πόνους,
1075 1054 1287 1118 ταῦτα
1328 1048 1456 1139 ἤδη
1505 1074 1615 1118 σοι
1649 1050 1949 1136 διέξειμι,
1991 1047 2084 1129 ὦς
2111 1050 2372 1135 μάθοις

212 1145 468 1230 οὗτινος
521 1153 719 1237 χάριν
781 1152 905 1232 τὰς
966 1146 1281 1242 ἀσκήσεις
1345 1153 1596 1231 ταύτας
1651 1158 2189 1238 προτεθείκαμεν
2249 1148 2368 1224 αὖ·

208 1269 343 1334 τοῖς
403 1259 517 1324 καὶ
583 1255 935 1323 διαπονεῖν
992 1254 1070 1322 τὸ
1120 1258 1317 1338 σῶμα
1358 1255 1981 1377 καταναγκάζομεν,
2044 1252 2121 1323 ού
2162 1257 2371 1340 μόνον

212 1357 389 1424 ἕνεκα
434 1385 576 1425 των
623 1354 931 1444 άγώνων,
977 1350 1168 1436 όπως
1210 1355 1296 1424 τὰ
1343 1344 1531 1424 αθλα
1577 1358 1885 1426 δύναιντο
1933 1351 2372 1444 ἀναιρεῖσθαι

208 1498 287 1507 --
330 1455 444 1527 ἐπ’
501 1461 721 1529 ἐκεῖνα
780 1460 902 1545 μὲν
945 1459 1071 1548 γὰρ
1118 1459 1337 1546 ὀλίγοι
1393 1460 1575 1527 πάνυ
1634 1459 1708 1539 ἐξ
1756 1456 2076 1527 ἁπάντων
2115 1465 2371 1545 χωροῦ-

213 1585 313 1629 σιν
358 1602 443 1613 -
490 1557 666 1629 ἀλλὰ
712 1562 939 1647 μεῖζόν
983 1589 1051 1630 τι
1082 1558 1315 1649 ἁπάσῃ
1360 1565 1446 1650 τῇ
1477 1563 1678 1629 πόλει
1723 1558 1988 1647 ἀγαθὸν
2034 1561 2103 1628 ἐκ
2131 1563 2370 1630 τούτου

209 1666 314 1730 καὶ
362 1660 596 1744 αὐτοῖς
650 1663 926 1742 ἐκείνοις
970 1663 1508 1750 προσκτώμενοι·
1585 1660 1809 1740 κοινὸς
1863 1657 1989 1747 γάρ
2048 1689 2151 1742 τις
2193 1660 2371 1750 ἀγών

216 1762 407 1845 ἄλλος
450 1759 680 1834 ἅπασι
722 1780 867 1844 τοῖς
915 1760 1207 1853 άγαθοῖς
1239 1766 1559 1844 πολίταις
1588 1765 1943 1850 πρόκειται
1970 1769 2083 1833 καὶ
2116 1772 2371 1853 στέφα-

214 1892 318 1946 νος
361 1863 438 1935 οὗ
486 1875 731 1947 πίτυος
775 1862 931 1936 οὐδὲ
973 1873 1239 1935 κοτίνου
1283 1857 1327 1955 ἢ
1373 1869 1682 1950 σελίνων,
1744 1861 1894 1932 ἀλλ’
1952 1864 2031 1947 ὃς
2076 1867 2144 1934 ἓν
2190 1862 2370 1955 αύτῷ

131 1970 561 2055 894συλλαβών
594 1968 726 2053 ἔχει
755 1969 875 2058 τὴν
908 1964 1298 2057 ἀνθρώπων
1329 1969 1779 2055 εὐδαιμονίαν,
1812 1969 1956 2037 οἶον
1980 1967 2371 2055 ἐλευθερίαν

216 2072 371 2156 λέγω
417 2067 627 2140 αὗτοῦ
683 2097 756 2139 τε
816 2071 1094 2139 ἑκάστου
1141 2072 1284 2161 ἰδίᾳ
1327 2077 1440 2140 καὶ
1484 2075 1674 2161 κοινῇ
1722 2075 1842 2160 τῆς
1885 2073 2215 2158 πατρίδος
2256 2075 2368 2140 καὶ

217 2176 495 2241 πλοῦτον
554 2177 667 2241 καὶ
727 2174 929 2254 δόξαν
983 2178 1094 2242 καὶ
1155 2174 1403 2261 ἑορτῶν
1455 2183 1763 2258 πατρίων
1821 2168 2200 2242 άπόλαυσιν
2256 2179 2363 2241 καὶ

218 2274 466 2344 οἰκείων
523 2285 897 2366 σωτηρίαν,
954 2281 1069 2344 καὶ
1124 2277 1422 2356 συνόλως
1479 2277 1565 2344 τὰ
1621 2277 1942 2345 κάλλιστα
1987 2271 2080 2344 ὦν
2128 2273 2207 2344 ἄν
2264 2303 2368 2357 τις

218 2373 467 2456 εὔξαιτο
527 2385 853 2466 γενέσθαι
901 2380 971 2446 οἱ
1027 2379 1217 2468 παρὰ
1259 2384 1393 2447 τῶν
1451 2384 1668 2447 θεῶν·
1724 2384 1936 2447 ταῦτα
1994 2378 2220 2445 πάντα
2272 2383 2371 2466 τῷ

220 2482 551 2568 στεφάνῳ,
611 2476 688 2549 όν
732 2507 943 2571 φημι,
1000 2484 1629 2550 συναναπέπλεκται
1682 2484 1796 2549 καὶ
1842 2480 1910 2549 ἐκ
1953 2485 2073 2549 τοῦ
2118 2475 2372 2568 άγῶνος

220 2579 453 2649 ἐκείνου
463 2590 999 2708 περιγίγνεται,
1061 2578 1178 2671 ἐφ’
1240 2609 1321 2650 ον
1381 2585 1455 2650 αἱ
1500 2578 1816 2672 ἀσκήσεις
1876 2578 2073 2652 αὗται
2130 2588 2242 2653 καὶ
2303 2586 2368 2650 οἱ

220 2683 408 2752 πόνοι
451 2682 751 2772 αγουσιν.

378 2794 480 2855 16.
527 2792 836 2857 ΑΝΑΧ.
911 2784 1094 2864 Εἶτα,
1143 2813 1195 2853 ω
1241 2785 1591 2871 θαυμάσιε
1629 2787 1877 2868 Σόλων,
1921 2786 2206 2853 τοιαῦτά
2248 2813 2367 2871 μοι
2385 2804 2456 2859 16

222 2890 323 2955 καὶ
363 2891 795 2979 τηλικαῦτα’
775 2890 939 2974 ε’χων
985 2877 1172 2957 άθλα
1217 2888 1536 2968 διεξιέναι
1570 2892 1750 2976 μῆλα
1792 2891 1905 2957 καὶ
1950 2890 2180 2956 σέλινα
2224 2889 2369 2978 διη-

224 2998 329 3073 γοῦ
369 2996 478 3061 καὶ
526 2992 790 3061 θαλλὸν
836 2993 1066 3071 ἐλαίας
1111 2987 1351 3080 ἆγρίας
1392 2994 1505 3059 καὶ
1553 2998 1791 3075 utrm,-

379 3098 598 3162 ΣΟΛ.
671 3097 810 3162 Καὶ
865 3096 1026 3184 μήν,
1086 3080 1140 3160 ὦ
1186 3088 1580 3182 Ἀνάχαρσι,
1639 3085 1781 3159 οὐδ’
1846 3090 2062 3160 ἐκεῖνά
2107 3115 2217 3161 σοι
2270 3092 2372 3161 ἔτι

228 3191 391 3272 δόξει
430 3195 638 3282 μικρὰ
685 3193 888 3277 εἶναι,
944 3192 1205 3263 ὁπόταν
1254 3194 1297 3261 ἃ
1343 3197 1512 3282 λέγω
1562 3194 2000 3282 καταμάθῃς·
2061 3188 2199 3261 άπὸ
2244 3194 2371 3282 γάρ

224 3319 321 3362 τοι
361 3301 476 3384 τῆς
509 3292 711 3388 αύτῆς
738 3298 1002 3388 γνώμης
1030 3305 1327 3385 γίγνεται
1368 3301 1480 3366 καὶ
1516 3303 1682 3387 μέρη
1716 3296 1940 3362 πάντα
1968 3295 2179 3362 ταῦτά
2227 3295 2372 3363 ἔστι

229 3397 410 3485 μικρὰ
455 3407 576 3468 τοῦ
630 3400 936 3483 μείζονος
991 3401 1243 3469 ἐκείνου
1289 3398 1544 3489 άγῶνος
1595 3401 1701 3466 καὶ
1747 3401 1867 3463 τοῦ
1913 3396 2248 3484 στεφάνου
2294 3395 2371 3464 ὃν

231 3502 524 3581 κατέλεξα
567 3506 686 3569 τοῦ
731 3503 1287 3588 πανευδαίμονος.
1378 3499 1413 3570 ὃ
1478 3501 1550 3568 δὲ
1596 3502 1791 3588 λόγος
1835 3494 1952 3566 οὐκ
1996 3491 2130 3566 οἶδ’
2183 3490 2375 3578 ὅπως

232 3594 508 3689 ὖπερβὰς
529 3602 652 3693 τὴν
676 3605 868 3684 τάξιν
895 3604 1159 3674 ἐκείνων
1181 3595 1513 3692 πρότερον
1541 3602 1937 3690 ἐπεμνήσθη
1959 3604 2092 3666 τῶν
2107 3594 2377 3685 Ἰσθμοῖ

232 3707 609 3790 γιγνομένων
651 3710 764 3774 καὶ
803 3702 1216 3793 Ὀλυμπίασι
1259 3710 1369 3774 καὶ
1419 3707 1487 3773 ἐν
1518 3710 1769 3794 Νεμέᾳ.
1839 3703 2018 3790 πλὴν
2065 3696 2234 3769 ἀλλὰ
2280 3702 2370 3770 να)

233 3839 305 3850 -
344 3808 578 3895 σχολὴν
620 3808 748 3895 γὰρ
795 3805 1040 3896 ἄγομεν
1082 3812 1194 3877 καὶ
1240 3809 1350 3890 σύ,
1396 3805 1492 3886 ὥς
1536 3808 1687 3896 φής,
1734 3809 2062 3895 προθυμῇ
2109 3799 2376 3873 ἆκούειν

235 3942 307 3955 ἡ
335 3903 903 3996 ἀναδραμούμεθα
934 3913 1186 4001 ῥᾳδίως
1215 3910 1390 3994 πρὸς
1430 3907 1552 3998 τὴν
1597 3904 1804 3998 ἀρχὴν
1832 3911 1944 3975 καὶ
1990 3907 2108 3975 τὸν
2152 3907 2374 3975 κοινὸν

242 4001 454 4094 ἆγῶνα,
500 4008 591 4082 δι’
645 4006 722 4080 ὅν
766 4039 942 4103 φημι
987 4014 1215 4081 πάντα
1256 4021 1471 4079 ταῦτα
1516 4009 2062 4099 ἐπιτηδεύεσθαι.

1995 4113 2069 4165 4*
