2867 4525
789 252 1044 307 LuclANl
1079 252 1513 307 DlsSER'rATlo
1549 254 1604 308 G.
1639 252 1935 308 nsssmno.
2325 253 2447 313 301

590 490 955 584 LUGIANJ
998 491 1579 562 DISSERTATIO
1627 492 1696 559 Ο.
1746 489 2150 560 HESIODO.

290 630 429 692 Cod.
481 629 639 692 Gorl.
669 657 756 682 ===
782 631 841 694 A
934 629 1066 693 Cod.
1120 629 1243 694 Vat·
1278 637 1357 694 90
1388 659 1475 683 =
1505 628 1555 691 Γ
1650 630 1780 697 Cod.
1834 629 1957 693 Pal.
1995 636 2070 693 73
2119 630 2449 709 (Gramen).

290 771 347 811 e.
424 756 476 811 1.
509 748 658 815 οὐδὲ
703 747 823 832 τὴν
867 746 1068 833 ἀρχὴν
1110 769 1185 812 ne
1229 754 1397 813 initio
1441 752 1684 832 quidem,
1728 755 1972 813 omnine
2005 769 2127 813 non
2171 751 2248 813 ef.

290 871 348 913 e.
417 855 474 912 2.
507 847 751 934 ἀνάγκη
811 868 912 917 σοι
958 854 1084 914 sine
1128 853 1313 915 verbo
1358 852 1438 913 ef.
1481 886 1569 897 —
1611 848 1789 918 οὕτω
1834 856 1909 917 δὲ
1943 849 1966 935 H
1997 853 2078 913 ef.
2131 854 2209 914 ad
2265 846 2451 918 οὗτοι

507 957 574 1018 δὲ
617 954 903 1017 Macrobii
947 973 999 1016 e.
1034 960 1093 1015 2.

292 1076 347 1118 e.
417 1061 471 1122 4.
507 1052 606 1120 ὅτι
649 1060 844 1139 μηδέν
890 1058 1020 1122 ἐστι
1066 1053 1630 1140 ἐρραψωδήμενων
1671 1054 1793 1122 ὑπ’
1837 1058 1997 1134 ἐμοῦ
2042 1059 2251 1123 ἴδιον
2281 1052 2453 1134 ἐμόν.

511 1158 601 1220 cf.
647 1177 801 1236 quae
847 1160 922 1221 de
963 1164 1115 1238 part.
1160 1158 1265 1241 μὴ,
1312 1158 1413 1239 οὐ,
1460 1153 1543 1224 ἄν
1588 1161 1711 1221 dixi
1752 1159 1919 1222 det.
1963 1195 2050 1208 --
2089 1168 2227 1225 τῶν
2255 1182 2456 1241 παρα-

509 1263 940 1339 λελειμμένων
985 1260 1280 1327 ἅπαιτεῖν
1312 1260 1336 1345 ΙΙ
1368 1282 1485 1324 om.
1528 1270 1664 1327 τῶν
1708 1258 1760 1322 Γ

293 1383 353 1425 o.
423 1368 477 1425 5.
508 1360 657 1428 κᾶν
701 1364 775 1428 εἴ
808 1389 885 1428 τι
918 1361 941 1447 fl
972 1370 1102 1429 καὶ
1146 1357 1241 1429 ἄν
1284 1390 1358 1429 τι
1403 1361 1574 1445 λάθῃ
1625 1369 1701 1426 73
1748 1370 1855 1429 καὶ
1898 1384 2007 1442 pro
2051 1360 2198 1429 κᾶν.

292 1485 352 1527 ο.
422 1471 479 1527 6.
512 1461 665 1542 ἅμα
708 1472 841 1531 καὶ
878 1474 1399 1550 προφητικῶς
1431 1464 1456 1550 ΙΙ
1487 1486 1598 1532 om.
1640 1471 1740 1528 ⁷3.

293 1587 347 1633 ο.
424 1573 481 1628 7.
513 1565 606 1633 ἔτι
648 1565 909 1657 χλωρὸν
942 1567 1094 1653 ΙΙχλ.
1140 1565 1232 1634 ἔτι
1284 1575 1358 1632 73
1405 1605 1492 1614 —
1535 1565 1636 1634 ὅτι
1682 1561 1779 1634 οὗ
1820 1575 2177 1645 μεσοῦντος
2217 1569 2457 1649 θέρους

505 1668 628 1753 χρὴ
672 1670 880 1754 α’ροῦν
924 1670 961 1755 ἢ
1009 1671 1157 1738 οὐκ
1204 1664 1287 1738 ἔν
1328 1697 1390 1736 τι
1434 1664 1673 1750 ὄφελος
1702 1674 1957 1752 γένοιτο
1993 1676 2128 1754 εἰκῆ
2158 1672 2456 1753 ἐκχυθέν-

512 1798 650 1839 των
678 1782 814 1840 τῶν
845 1773 1230 1858 σπερμάτων
1260 1773 1445 1841 οὐδὲ
1476 1773 1649 1852 α’μᾶν
1681 1772 1773 1841 ἔτι
1789 1772 2053 1858 χλωρὸν
2073 1772 2194 1840 τὸν
2217 1791 2457 1855 σταχυν

513 1873 552 1958 ἢ
582 1874 775 1941 κενὸν
805 1875 1260 1960 εὐρεθὴσεσθαι
1290 1875 1408 1943 τὸν
1437 1874 1708 1960 καρπόν.
1793 1879 1951 1939 Rara
1984 1882 2073 1940 est
2096 1878 2244 1938 haee
2275 1895 2456 1938 enun-

513 1980 784 2040 tiatorum
830 1981 1184 2062 conjunctio,
1229 2000 1364 2042 nam
1398 1999 1552 2057 quae
1584 1998 1715 2042 esse
1754 1980 1988 2041 solebat
2016 1981 2270 2042 causalis
2298 1978 2460 2040 faeta

519 2085 611 2141 est
651 2081 1026 2160 disjunctiva.
1075 2117 1153 2127 —-
1199 2080 1280 2148 h
1320 2079 1405 2166 μὴ
1452 2077 1863 2162 καλύψαις
1905 2132 1919 2147 .
1962 2132 1976 2147 .
2012 2131 2026 2146 .
2076 2082 2458 2162 ἐπιφοροίση

515 2177 887 2269 ΙΙκαλύψῃς
930 2220 1009 2230 -
1056 2187 1333 2267 ἐπιφορῇ
1381 2190 1458 2247 73
1504 2180 1557 2244 Γ

300 2305 357 2347 e.
424 2291 479 2350 9.
511 2290 1011 2374 παραδέξασθαι
1056 2281 1244 2367 ἄξιον
1276 2285 1300 2371 ΙΙ
1332 2308 1448 2351 om.
1494 2312 1669 2370 παρα
1719 2293 1795 2350 73
1841 2283 1894 2347 Γ

948 2794 1312 2863 LUCIANI
1354 2793 1817 2862 NAVIGIUM.

645 2952 781 3015 Cod.
833 2952 989 3014 Gorl.
1022 2980 1103 3004 =
1136 2954 1192 3016 A
1371 2952 1506 3014 Cod.
1555 2951 1740 3013 Marc.
1789 2956 1910 3013 434
1942 2976 2027 3001 ===
2057 2945 2126 3010 Ω

304 3055 442 3117 Cod.
494 3053 680 3117 Paris.
725 3053 946 3136 (3011)
987 3082 1073 3106 =
1116 3052 1166 3120 C
1440 3053 1573 3115 Cod.
1630 3051 1749 3114 Vat.
1798 3058 1873 3115 87
1921 3079 2008 3103 ==
2051 3049 2105 3114 21
2149 3048 2459 3135 (Gramen)

300 3213 349 3257 e.
437 3198 492 3253 1.
523 3187 823 3257 διαλάθοι
856 3188 880 3275 ΙΙ
912 3187 1007 3256 ἂν
1052 3195 1216 3256 ὃιαλ.
1246 3190 1411 3252 det.
1444 3190 1498 3254 21
1540 3225 1626 3235 —-
1662 3188 1787 3255 κᾶν
1832 3233 1849 3251 .
1897 3234 1912 3250 .
1957 3191 2123 3253 δέοι
2156 3186 2179 3268 ΙΙ
2214 3187 2300 3249 cl.
2339 3185 2459 3264 Op-

517 3297 738 3356 tativus
781 3296 843 3355 in
885 3297 1148 3357 oratione
1193 3296 1432 3371 obliqua
1476 3327 1559 3339 —
1603 3300 1773 3358 ναῦν
1803 3342 1817 3357 .
1856 3336 1870 3351 .
1899 3296 2095 3369 μίαν
2137 3297 2291 3355 τῶν
2337 3286 2459 3353 ἀπ’

521 3394 858 3475 Αἰγύπτου
901 3447 914 3461 .
966 3447 980 3462 .
1031 3403 1503 3476 σιταγωγῶν
1547 3392 1570 3478 ΙΙ
1610 3400 1798 3472 μίαν
1855 3396 2066 3454 reete
2121 3392 2348 3466 abest*
2384 3393 2459 3450 in

521 3498 666 3560 God-
693 3494 801 3560 4Ω.
886 3500 1026 3561 Non
1069 3502 1223 3561 enim
1266 3501 1460 3576 agitur
1503 3497 1578 3559 de
1621 3514 1898 3576 numero,
1946 3494 2055 3556 sed
2096 3494 2173 3554 de
2216 3510 2459 3571 genere.

521 3601 715 3663 Genit.
786 3608 922 3666 τῶν
999 3607 1379 3682 σιταγωγῶν
1459 3604 1550 3661 est
1622 3619 1697 3661 ex
1771 3598 2059 3676 partitivis
2137 3597 2263 3657 sine
2341 3618 2457 3674 τις,

521 3723 597 3765 ex
654 3723 771 3781 quo
836 3724 1156 3782 suspensus
1212 3705 1316 3783 sit,
1390 3722 1532 3765 usus
1589 3702 1750 3780 apud
1802 3701 2128 3762 Lueianum
2183 3697 2458 3775 frequen-

518 3808 794 3868 tissimus.

305 3928 359 3969 ο.
431 3912 485 3973 2.
520 3903 856 3989 μειράκιον
897 3906 988 3974 τὸ
1042 3905 1185 3990 τὴν
1241 3904 1605 3990 καθαρὰν
1662 3902 1977 3987 ὀθόνην
2030 3899 2461 3981 ἐνδεδυκὸς

521 4005 545 4093 ΙΙ
578 4008 955 4090 [ἐνδεδυκός]
1000 4010 1255 4072 Dicendi
1295 4012 1577 4091 brevitas,
1620 4009 1698 4071 ad
1742 4008 2190 4087 significandum
2218 4006 2460 4086 aliquid,
