2867 4525
1164 287 1617 339 ΦΙΛΟΨΕΥΔΗΣ.
2388 288 2468 345 93

310 455 379 534 ἐς
424 454 541 522 τὸν
588 454 870 541 ουρανὸν
899 459 1012 523 καὶ
1056 452 1095 542 ἥ
1122 452 1348 583 Ἑκάτη
1383 456 1496 523 ἔδυ
1525 458 1695 523 κατὰ
1734 460 1851 543 τῆς
1879 460 1999 544 γῆς
2027 460 2139 525 καὶ
2182 457 2267 523 τὰ
2301 453 2471 523 ἄλλα

313 557 640 647 φάσματα
685 552 1036 647 ἠφανίσθη
1098 561 1211 625 καὶ
1263 558 1380 649 τὴν
1424 561 1741 644 Χρυσίδα
1793 558 2267 644 ἐξεπέμψαμεν
2311 563 2471 645 περὶ

315 655 475 728 αὖτό
521 686 660 729 που
709 660 941 743 σχεδὸν
983 660 1060 728 τὸ
1095 662 1428 748 λυκαυγές.
1509 669 1607 729 15.
1654 662 1715 728 εἰ
1751 666 1963 728 ταῦτα
2010 658 2200 740 εἶδες,
2248 658 2300 727 ῶ
2340 670 2471 737 Tv-
2505 675 2576 730 15

307 763 527 850 χιάδη,
575 756 690 829 οὗκ
721 753 802 834 ἀν
848 763 948 831 ἐ’τι
976 758 1361 865 ἠπίστησας
1407 759 1582 830 εἶναι
1610 762 1834 830 πολλα
1881 762 1948 830 ἐν
1979 778 2129 841 ταῖς
2174 762 2474 850 ἐπῳδαῖς

233 864 628 954 43χρήσιμα.
716 849 810 931 Ev
855 868 1082 953 λέγεις,
1137 864 1217 955 ἠν
1263 859 1321 931 6³
1376 864 1529 952 ἐγώ·
1579 865 1932 933 ἐπίστευον
1974 891 2100 952 γαρ
2147 860 2247 948 ἀν,
2296 866 2362 933 εἰ’
2397 891 2472 953 γε

272 965 494 1035 εἶδον
542 962 732 1049 αὗτά,
780 970 893 1033 νῦν
927 968 997 1034 δὲ
1028 968 1394 1058 συγγνώμη,
1444 964 1656 1052 οἶμαι,
1704 967 1764 1034 εἰ
1802 966 1890 1054 μὴ
1939 966 2023 1032 τὰ
2070 965 2275 1051 ὅμοια
2321 963 2476 1052 ὗμῖν

313 1069 688 1157 ὅξυδερκεῖν
743 1067 889 1150 ἔχω.
985 1068 1164 1159 πλὴν
1223 1063 1370 1136 ἀλλ’
1437 1066 1592 1136 οἶδα
1645 1068 1772 1157 γὰρ
1824 1069 1943 1158 τὴν
2000 1070 2339 1152 Χρυσίδα,
2394 1069 2475 1159 ἢν

317 1175 547 1259 λέγεις,
597 1169 880 1259 ἐραστὴν
921 1185 1196 1257 γυναῖκα
1239 1176 1352 1240 καὶ
1397 1173 1780 1260 πρόχειρον·
1834 1165 1949 1255 οὗχ
1995 1167 2133 1257 ὃριῦ
2178 1174 2250 1239 δὲ
2292 1178 2476 1251 τίνος

318 1275 506 1342 ένεκα
561 1272 886 1363 ἐδεήθητε
943 1268 1052 1340 ἐπ’
1121 1274 1322 1364 αὐτὴν
1378 1279 1497 1342 τοῦ
1552 1276 1839 1364 πηλίνου
1893 1278 2309 1360 πρεσβευτοῦ
2365 1278 2475 1342 καὶ

314 1377 532 1463 μάγου
579 1380 698 1443 τοῦ
745 1375 838 1455 ἐξ
851 1372 1305 1466 Ὑπερβορέων
1361 1381 1472 1445 καὶ
1518 1378 1804 1467 Σελήνης
1851 1369 2078 1475 αὐτῆς,
2140 1376 2220 1463 ἣν
2267 1375 2478 1444 ε’ίκοσι

315 1481 630 1566 δραχμῶν
680 1472 944 1564 ἀγαγεῖν
991 1479 1058 1558 ἐς
1096 1477 1572 1568 Ῡπερβορέους
1618 1477 1901 1546 δυνατὸν
1942 1476 2043 1566 ἠν.
2128 1479 2308 1545 πάνυ
2352 1478 2477 1565 γὰρ

317 1581 634 1649 ἐνδίδωσι
663 1579 838 1666 πρὸς
864 1581 1112 1671 ταύτην
1154 1582 1272 1671 τὴν
1310 1582 1580 1671 ἐπῳδὴν
1624 1579 1664 1671 ἡ
1708 1580 1863 1667 γυνὴ
1897 1584 2010 1646 καὶ
2055 1580 2129 1646 τὸ
2180 1579 2479 1646 ἐναντίον

314 1697 461 1762 τοῖς
493 1682 808 1770 φάσμασι
834 1690 1217 1752 πέπονθεν·
1267 1683 1481 1752 ἐκεῖνα
1525 1685 1646 1768 μὲν
1676 1683 1802 1770 γὰρ
1840 1709 1921 1771 ην
1949 1682 2186 1770 ψόφον
2233 1680 2479 1768 άκούση

313 1787 561 1870 χαλκοῦ
603 1774 646 1871 ἢ
693 1785 989 1874 σιδήρου,
1037 1791 1331 1875 πέφευγε
1375 1824 1459 1834 -
1505 1790 1618 1853 καὶ
1649 1789 1862 1851 ταῦτα
1904 1784 2030 1872 γὰρ
2075 1781 2263 1869 ὑμεῖς
2308 1809 2483 1883 φατε

316 1921 404 1936 -—-
438 1880 601 1976 αὕτη
650 1877 796 1953 δὲ>
760 1915 847 1954 αν
881 1882 1192 1975 ἀργύριόν
1224 1915 1358 1955 που
1397 1892 1622 1977 ψοφῇ,
1669 1887 1929 1975 έρχεται
1958 1886 2131 1972 πρὸς
2158 1886 2275 1954 τὸν
2305 1884 2480 1973 ἦχον.

321 1986 542 2067 άλλως
597 2013 670 2055 τε
726 1992 840 2056 καὶ
895 1991 1225 2077 θαυμάζω
1282 1985 1485 2059 αυτοῦ
1527 1994 1647 2058 τοῦ
1704 1990 1956 2076 μάγου,
2016 1989 2077 2056 εἰ
2123 1984 2481 2073 δυνάμενος

322 2085 525 2169 aba-69
582 2089 958 2179 ἐρασθῆναι
1012 2092 1188 2178 πρὸς
1242 2098 1375 2161 τῶν
1427 2092 1959 2160 πλουσιωτάτων
2001 2091 2326 2178 γυναικῶν
2369 2093 2482 2157 καὶ

318 2193 619 2261 τάλαντα
665 2185 790 2259 ὅλα
835 2188 999 2281 παρ’
1053 2190 1270 2263 αὐτῶν
1303 2196 1687 2283 λαμβάνειν,
1735 2190 1769 2261 6
1806 2195 1878 2261 δὲ
1920 2195 2255 2283 τεττάρων
2299 2198 2482 2279 μνῶν

320 2296 440 2364 τὸν
504 2296 941 2383 σμικρολόγον
983 2301 1317 2366 Γλαυκίαν
1364 2298 1732 2385 ἐπέραστον
1788 2297 2148 2384 ἐργάζεται.
2239 2298 2483 2364 Γελοῖα

321 2413 564 2480 ποιεῖς,
612 2398 740 2487 ἔφη
787 2393 1009 2483 ὃἼων,
1058 2395 1365 2470 ἀπιστῶν
1412 2401 1688 2470 ἅπασιν.
1767 2406 1867 2468 16.
1900 2400 2024 2485 ἐγώ
2070 2404 2227 2486 γοῦν
2270 2395 2482 2490 ἡδέως
2515 2415 2586 2471 16

328 2491 409 2568 ἀν
454 2500 725 2590 ἐροίμην
771 2525 864 2583 σε,
896 2509 964 2570 τί
992 2507 1154 2588 περὶ
1180 2505 1434 2572 τούτων
1481 2504 1615 2592 φὴς
1643 2495 1798 2571 ὅσοι
1840 2502 1998 2581 τοὺς
2029 2504 2486 2586 δαιμονῶντας

329 2597 834 2671 ἀπαλλάττουσι
885 2608 1019 2672 τῶν
1078 2605 1409 2689 δειμάτων
1470 2598 1642 2670 οὕτω
1699 2608 1938 2690 σαφῶς
1989 2602 2332 2692 ἐξᾴδοντες
2374 2607 2484 2670 καὶ

299 2703 411 2771 μτὰ
459 2704 802 2793 φάσματα.
875 2710 987 2773 καὶ
1016 2710 1230 2773 ταῦτα
1267 2704 1385 2773 οὐκ
1430 2706 1545 2790 ἐμὲ
1585 2703 1705 2791 χρὴ
1756 2707 1988 2792 λέγειν,
2037 2705 2207 2771 ἀλλὰ
2237 2705 2487 2782 πάντες

327 2807 520 2875 >ι’σασι
563 2808 682 2874 τὸν
727 2807 939 2895 Σύρον
980 2807 1100 2875 τὸν
1148 2808 1218 2874 ἐκ
1259 2812 1375 2898 τῆς
1417 2810 1901 2896 Παλαιστίνης,
1946 2807 2064 2874 τὸν
2110 2806 2227 2873 ἐπὶ
2270 2804 2485 2892 τούτῳ

250 2924 310 2972 44
334 2909 683 2997 σοφιστήν,
728 2908 928 2989 ὅσους
958 2909 1372 2997 παραλαβών
1409 2916 1964 2988 καταπίπτοντας
1995 2907 2167 2995 πρὸς
2210 2907 2330 2998 τὴν
2378 2931 2487 2974 σε-

329 3009 527 3099 λήνην
556 3014 668 3078 καὶ
696 3010 791 3076 τῶ
833 3006 1179 3102 όφθαλμῶ
1215 3014 1747 3101 διαστρέφοντας
1775 3015 1889 3079 καὶ
1921 3006 2143 3101 ἀφροῦ
2172 3012 2487 3096 πιμπλα-

325 3117 566 3197 μένους
608 3111 683 3180 τὸ
735 3114 950 3198 στόμα
1007 3115 1191 3201 ομως
1235 3109 1547 3204 ἀνίστησι
1599 3120 1710 3183 καὶ
1755 3110 2168 3200 ἀποπέμπει
2216 3108 2487 3202 ἀρτίους

330 3214 450 3283 ἐπὶ
492 3220 729 3303 μισθῷ
771 3217 1037 3305 μεγάλω
1084 3195 1483 3296 ἀπαλλάξας
1529 3221 1665 3284 τῶν
1724 3219 1983 3286 δεινῶν·
2040 3217 2316 3284 ἐπειδὰν
2360 3216 2487 3337 γὰρ

329 3319 583 3408 ἐπιστῇ
636 3324 963 3404 κειμένοις
1019 3323 1131 3387 καὶ
1189 3320 1419 3408 έρηται
1481 3312 1648 3386 ὅθεν
1714 3318 2228 3408 εἰσεληλύθασιν
2287 3318 2354 3395 ἐς
2408 3316 2484 3383 τὸ

333 3424 545 3505 σῶμα,
592 3417 627 3487 6
659 3422 781 3506 μὲν
806 3425 1025 3488 νοσῶν
1059 3415 1259 3499 αυτὸς
1292 3426 1542 3510 σιωπᾷ,
1590 3449 1625 3487 ο
1667 3423 1923 3506 δαίμων
1956 3421 2028 3487 δὲ
2057 3417 2490 3506 ἀποκρίνεται

332 3513 770 3611 ἑλληνίζωνἋ
726 3550 766 3609 η
810 3524 1233 3613 βαρβαρίζων
1277 3513 1318 3612 ἢ
1363 3514 1605 3590 3θεν’
1577 3514 1657 3591 ἀν
1706 3517 1905 3642 avv69
1946 3507 1990 3610 ᾗ
2027 3514 2217 3598 ὅπως
2260 3545 2333 3586 τε
2377 3524 2489 3588 καὶ

333 3617 500 3692 ὅθεν
547 3624 845 3712 ἐπῆλθεν
891 3626 958 3706 ἐς
1000 3625 1117 3695 τὸν
1164 3620 1565 3709 ανθρωπον·
1616 3621 1651 3692 6
1701 3626 1773 3692 δὲ
1818 3617 2052 3711 ὅρκους
2098 3621 2381 3709 ἐπάγων,
2431 3622 2490 3689 εἰ

335 3727 407 3794 δὲ
451 3726 541 3816 μὴ
589 3735 933 3818 πεισθείη,
979 3733 1092 3797 καὶ
1123 3722 1421 3796 ἀπειλῶν
1454 3726 1789 3806 ἐξελαύνει
1817 3725 1933 3795 τὸν
1979 3726 2289 3811 δαίμονα.
2364 3724 2490 3812 ἐγὼ
2563 3773 2567 3780 ·

332 3833 490 3915 γοῦν
540 3833 654 3897 καὶ
709 3826 886 3897 εἶδον
945 3829 1208 3908 ἐξιόντα
1263 3831 1518 3914 μέλανα
1572 3832 1683 3896 καὶ
1740 3827 2065 3951 καπνώδη
2104 3826 2223 3916 τὴν
2264 3826 2489 3913 χρόαν.

346 3924 443 3998 Ου
486 3935 682 4017 μέγα,
735 3958 816 4019 ην
863 3927 926 3999 δ’
975 3930 1137 4020 ἐγώ,
1192 3930 1277 3998 τὰ
1321 3931 1603 4000 τοιαῦτά
1648 3954 1722 3998 σε
1755 3926 1964 4016 ὁρᾶν,
2013 3927 2065 3996 ὦ
2091 3925 2273 4007 Ἴων,
2320 3956 2372 4017 ω
2419 3955 2493 4017 γε

333 4039 448 4100 καὶ
495 4060 566 4100 αι
614 4033 790 4102 ἰδέαι
837 4029 1032 4102 αὗταὶ
1081 4041 1458 4122 φαίνονται,
1507 4032 1586 4112 ἃς
1630 4028 1664 4100 6
1715 4032 1936 4121 πατὴρ
1980 4029 2164 4118 ὑμῶν
2199 3993 2492 4098 Πλάτων
