2867 4525
921 264 1183 320 LUCIANI
1219 266 1302 320 DE
1339 265 1684 322 PARASITO.
2257 270 2378 327 211

429 471 513 482 —
559 434 763 520 πρὸς
809 440 935 516 ἐμὲ
981 436 1072 517 ὥς
1115 464 1167 505 τ.
1216 436 1236 522 [Ι
1278 436 1439 517 κάμὲ
1483 436 1647 505 κατὰ
1691 435 1816 505 ΔΩ
1861 446 2019 519 καμὲ
2065 438 2153 518 ὥς
2211 467 2390 520 τινος

426 537 507 600 Ψ
550 574 633 585 -
679 536 737 605 ‹2‘2'
749 565 782 619 ς
824 564 1007 620 τινος
1045 539 1064 621 ΙΙ
1109 537 1273 607 κατά
1316 566 1498 619 τινος
1534 538 1659 607 ΔΩ
1691 575 1773 589 -
1805 538 1993 625 εὕρῃς
2019 539 2040 625 fl
2070 539 2284 627 εὕροις
2312 542 2391 604 Ψ

427 647 615 721 δείξω
661 649 769 708 καὶ
812 638 833 724 ΙΙ
873 663 988 705 om.
1028 639 1176 704 ΨΩ
1222 678 1304 690 —-
1352 640 1592 721 αὐτοὺς
1696 642 1978 723 τούτους
2009 644 2086 706 Ψ
2114 681 2198 692 -
2228 669 2390 725 φαυ-

422 740 749 823 λοτάτους
791 745 812 827 fl
854 741 1152 824 φαύλους
1181 741 1388 809 ΑΩΨ
1435 780 1521 793 —-
1555 742 1646 823 ὡς
1676 743 1801 827 ἐγὼ
1845 744 1864 829 Β
1908 741 2003 812 ὧν
2049 745 2173 828 ἐγώ
2202 744 2271 809 Ω
2303 784 2388 795 -

425 847 546 912 οἴει
589 842 610 931 Ε
654 844 744 912 σὺ
794 847 913 914 οἴει
955 845 1036 908 Ψ

221 968 269 1008 o.
294 952 391 1009 32.
424 945 682 1032 γράψας
725 946 744 1031 l!
787 946 1147 1032 διαγράψας
1191 946 1271 1009 Ψ
1329 984 1414 995 -
1469 943 1581 1032 ἧκε
1624 948 1646 1033 Ι
1693 945 1845 1033 ἧκεν
1890 954 1946 1015 A
1990 987 2074 996 -—
2116 957 2204 1029 εἰς
2248 961 2319 1018 Σ.
2371 950 2391 1034 ΙΙ

420 1051 484 1127 ἐς
538 1059 614 1116 Σ.
674 1048 755 1111 Ψ
809 1084 898 1097 -
955 1052 1151 1128 εἴπως
1195 1048 1218 1134 ΙΙ
1264 1047 1446 1129 ὅπως
1503 1057 1561 1117 εἰ
1597 1055 1656 1117 A
1706 1049 1887 1132 ὅπως
1931 1049 2000 1114 Ω
2054 1049 2212 1136 ὅπερ
2272 1077 2384 1113 nm.

420 1176 565 1230 πως
608 1150 690 1212 Ψ
735 1185 817 1199 —-
862 1160 1241 1236 παρασιτῶν
1288 1154 1355 1219 Δ.
1408 1150 1433 1236 ΙΙ
1475 1151 1651 1237 παρὰ
1696 1163 1793 1241 τῷ
1837 1157 1906 1222 Δ.
1952 1162 2201 1242 Λυκείῳ
2248 1157 2380 1221 m*

419 1288 506 1300 -
552 1260 660 1319 καὶ
703 1269 845 1333 ταῖς
886 1306 900 1323 .
953 1300 968 1316 .
1013 1263 1089 1320 Σ.
1138 1260 1190 1320 δ.
1226 1252 1250 1339 ss
1281 1274 1398 1318 om.
1443 1261 1551 1320 καὶ
1598 1255 1675 1317 Ψ

221 1370 269 1413 c.
294 1357 391 1415 33.
421 1351 767 1434 ηὐδοκίμει
797 1350 824 1437 ΙΙ
856 1351 947 1419 ev’.
993 1405 1008 1421 .
1042 1349 1169 1420 ΔΩ
1215 1389 1298 1400 -
1345 1358 1432 1433 εἰς
1476 1379 1529 1420 τ.
1578 1380 1807 1438 τεχνην
1840 1353 1865 1439 ΙΙ
1896 1354 2060 1441 πρὸς
2104 1383 2156 1423 τ.
2206 1385 2260 1421 τ..
2312 1361 2380 1417 Τ

422 1488 498 1499 --
555 1452 645 1533 ὥς
689 1481 750 1521 τι
784 1452 808 1539 ΙΙ
840 1453 931 1533 ὥς
984 1480 1052 1521 τε
1095 1454 1368 1534 ΑΨ-ὡς
1413 1476 1529 1519 om.
1575 1483 1635 1521 τι
1679 1453 1748 1518 Ω

221 1576 268 1617 c.
292 1562 389 1619 34.
422 1562 564 1635 εἰς
617 1567 694 1623 Σ.
738 1556 763 1641 ss
808 1560 879 1623 ἐν
933 1565 1198 1643 Σικελίᾳ
1256 1561 1312 1622 A
1369 1560 1442 1623 ἐν
1496 1568 1569 1625 Σ.
1634 1557 1708 1620 Ψ
1772 1592 1860 1604 -
1930 1560 2032 1624 ἐπὶ
2088 1558 2300 1645 τούτῳ
2368 1565 2384 1641 Η

419 1662 529 1724 ἐπὶ
571 1657 650 1725 τὸ
695 1679 992 1740 suprascr.
1023 1685 1079 1726 ω
1110 1658 1190 1721 Ψ
1219 1694 1303 1707 -
1339 1661 1591 1740 ἐξέπεσε
1624 1657 1646 1744 ΙΙ
1679 1644 1986 1742 ἐξέπεμψε
2021 1659 2095 1722 Ψ
2124 1695 2207 1709 -—
2236 1673 2376 1745 περ-,εἰ

420 1768 729 1828 Σικελίαν
761 1760 787 1847 ΙΙ
819 1807 835 1824 .
884 1808 899 1824 .
947 1786 1023 1841 ας
1072 1761 1146 1824 Ψ

221 1882 264 1923 e.
290 1868 386 1925 35.
414 1868 601 1948 μέχρι
644 1872 768 1930 τοῦ
810 1873 872 1931 θ.
911 1862 937 1949 ΙΙ
965 1868 1144 1949 μέχρι
1187 1869 1322 1943 μὲν
1365 1891 1423 1929 τ.
1470 1873 1532 1931 θ.
1585 1863 1663 1925 Ψ

221 2001 264 2047 c.
300 1988 394 2045 37.
428 1980 650 2065 ὥσπερ
695 1979 811 2067 ἦν·
841 1981 867 2069 ss
899 1984 1000 2062 οἷς
1043 1992 1258 2067 παρῆν
1302 1986 1360 2050 A
1407 2018 1483 2030 —-·
1534 1982 1708 2067 εὕροι
1741 1981 1765 2068 ΙΙ
1797 1981 1950 2067 εῧρη
1996 1988 2052 2049 A

222 2105 270 2145 e.
300 2090 396 2147 39.
425 2085 549 2151 τὸν
584 2131 598 2146 .
623 2137 636 2153 .
674 2082 906 2168 καιρὸν
937 2083 962 2170 ΙΙ
992 2084 1110 2170 τὴν
1139 2139 1154 2153 .
1194 2134 1211 2151 .
1241 2112 1296 2153 κ.
1332 2088 1390 2152 A
1420 2123 1505 2134 —
1529 2083 2017 2171 χρησιμώτατοι
2049 2084 2073 2169 ss
2107 2132 2122 2147 .
2153 2113 2280 2169 τες]
2304 2121 2372 2153 m

420 2187 498 2249 Ψ
546 2222 621 2235 --
676 2186 859 2278 αὐτῷ
888 2186 914 2274 ss
946 2187 1168 2255 αὐτῶν
1212 2187 1292 2250 Ψ
1337 2224 1420 2235 -
1466 2193 1668 2271 ἔγωγε
1698 2186 1723 2274 ΙΙ
1755 2186 1879 2270 ἐγώ
1930 2188 2004 2249 Ψ

221 2325 270 2369 c.
297 2313 392 2369 40.
430 2307 527 2376 Οὐ
569 2333 742 2393 μετρ.
780 2306 805 2392 ΙΙ
838 2306 929 2387 ὡς
973 2307 1056 2375 οὐ
1098 2361 1113 2375 .
1165 2361 1178 2374 .
1228 2307 1308 2370 Ψ
1351 2343 1435 2354 -
1483 2315 1642 2392 δοκῇ
1686 2328 1789 2376 σοι
1822 2308 1841 2391 fl
1878 2328 1981 2376 σοι
2028 2315 2186 2391 δοκῇ
2228 2305 2376 2369 ΩΨ

417 2445 505 2457 -
552 2416 640 2489 εἰς
672 2407 696 2494 ΙΙ
729 2413 790 2489 ἐς
824 2409 901 2472 Ψ
945 2448 1028 2457 -
1073 2404 1394 2491 ἐπεξιέναι
1428 2409 1453 2494 ΙΙ
1486 2431 1600 2476 om.
1645 2410 1755 2476 ἐπ’
1785 2409 1865 2472 Ψ
1893 2448 1979 2459 —
2009 2417 2372 2495 παραγγέλ-

419 2522 560 2578 λειν
592 2511 661 2596 ΙΙ.
712 2561 731 2579 .
776 2538 830 2594 y.
881 2559 896 2574 .
942 2512 1023 2575 Ψ
1066 2549 1150 2561 -
1196 2509 1444 2596 ἀνάγκη
1495 2512 1617 2596 γὰρ
1651 2511 1675 2596 fl
1707 2533 1821 2575 om.
1876 2512 2000 2595 γὰρ
2045 2517 2101 2578 A
2146 2551 2224 2560 -—
2272 2525 2372 2577 :ami

421 2620 727 2697 δοκίμαζε
760 2613 785 2699 ss
816 2635 931 2678 om.
976 2622 1086 2682 καὶ
1132 2614 1210 2676 Ψ

217 2723 384 2779 ο.41.
417 2711 605 2801 ἄθρει
653 2722 730 2782 δὲ
776 2716 802 2802 ΙΙ
845 2716 918 2801 δὴ
969 2716 1045 2779 Ψ
1088 2752 1164 2765 —-
1216 2725 1324 2784 καὶ
1370 2722 1427 2782 εἰ
1468 2715 1662 2782 ἄποθ.
1716 2715 1740 2801 ΙΙ
1788 2722 1844 2781 εί
1886 2723 1996 2782 καὶ
2039 2712 2244 2780 ΑΩΨ
2292 2753 2368 2761 ν-

415 2817 750 2886 ἆποθάνοι
783 2821 805 2902 ΙΙ
840 2867 854 2882 .
900 2873 914 2887 .
971 2825 1142 2903 θανη
1186 2822 1244 2886 A

218 2939 266 2980 c.
291 2927 387 2985 42.
418 2927 902 3005 παραδείγματα
937 2975 951 2990 .
987 2975 1002 2990 .
1036 2976 1050 2990 .
1103 2928 1166 2989 οὶ
1208 2927 1327 3000 μὲν
1360 2919 1385 3005 ΙΙ
1417 2942 1531 2984 om.
1576 2924 1632 2985 A
1677 2956 1756 2968 —
1803 2919 1953 2986 ου’δὲ
2000 2916 2170 2998 ὅλως
2203 2918 2224 3004 ss
2260 2943 2368 2986 Um.

416 3023 568 3090 ου’δὲ
612 3023 693 3086 Ψ
739 3059 820 3072 --
866 3024 1216 3104 ὑπέμειναν
1249 3025 1271 3107 ΙΙ
1302 3022 1613 3103 ὑπέμεινα
1658 3022 1737 3091 Ψ
1780 3059 1866 3070 —
1910 3019 2312 3107 naondgcttn
2360 3030 2376 3102 ;[

415 3129 809 3209 παρεδέξατο
840 3130 896 3191 A
933 3163 1018 3174 —
1048 3134 1363 3207 λείψαντα
1395 3123 1421 3210 ss
1454 3175 1468 3190 .
1502 3152 1533 3204 ς
1564 3125 1643 3186 Ψ
1674 3162 1757 3173 -
1784 3122 2062 3209 ὑπισχνῇ
2095 3122 2119 3209 ΙΙ
2148 3125 2372 3206 ὕπωχ-

414 3239 540 3294 νοῦ
584 3226 665 3289 Ψ
710 3265 794 3275 -
836 3233 976 3309 λέγε
1019 3225 1044 3313 ΙΙ
1087 3238 1272 3296 ΠΛΡ.
1335 3233 1503 3309 λέγω
1548 3225 1617 3289 Ω
1663 3265 1746 3275 —-
1792 3234 1878 3306 εἰς
1938 3238 2088 3296 πολ.
2132 3227 2156 3312 ΙΙ
2199 3234 2260 3306 ἐς
2308 3258 2364 3294 π.

415 3329 496 3392 Ψ
539 3366 624 3378 —
669 3335 1173 3414 διαρκοῦσαν
1207 3329 1230 3414 ss
1263 3330 1392 3397 διὰ
1437 3339 1692 3397 τοῦτο
1737 3328 1944 3396 ΑΨΩ
1989 3366 2072 3378 -
2116 3338 2179 3394 τί
2220 3330 2308 3394 ἔτι
2360 3334 2376 3410 Ι]

416 3503 510 3565 ἔτι
555 3502 646 3582 A,
703 3520 818 3562 om,
877 3509 940 3565 τί
982 3498 1118 3565 ΑΨ
1162 3537 1246 3547 -
1295 3498 1629 3584 Ἀθήνησιν
1662 3498 1686 3584 ss
1718 3449 1969 3582 Ανέησιν
2014 3501 2143 3580 (sic)
2192 3504 2244 3562 A
2296 3538 2372 3542 —

417 3600 506 3680 ὡς
549 3628 586 3667 τ
605 3601 621 3625 ’
657 3599 680 3687 ΙΙ
713 3602 803 3681 ὡς
833 3600 959 3667 ΑΩ
989 3638 1072 3648 -
1103 3603 1225 3684 εἴγε
1255 3599 1281 3686 ss
1314 3603 1451 3665 add.
1490 3628 1587 3681 τις
1616 3598 1704 3681 Ω,
1738 3621 1847 3667 om.
1884 3626 1979 3678 τις
2006 3605 2144 3679 post
2172 3593 2372 3678 c'x‘Mflg

414 3700 483 3765 Ω
514 3740 597 3752 -—
626 3703 827 3772 κατὰ
873 3703 1124 3771 ταύτὰ
1157 3703 1182 3790 ΙΙ
1214 3711 1323 3771 καὶ
1366 3713 1571 3770 ταῦτα
1611 3708 1667 3769 A
1710 3701 1875 3771 κατὰ
1918 3709 2124 3769 ταῦτα
2170 3702 2248 3764 Ψ
2292 3742 2368 3750 q

413 3803 448 3869 ὁ
486 3805 753 3890 Ῥπεριδ.
797 3804 820 3891 ΙΙ
864 3827 978 3870 om.
1035 3806 1070 3872 ὁ
1119 3805 1199 3868 Ψ
1244 3841 1325 3852 —-·
1375 3804 1541 3872 ὥστ’
1585 3812 1643 3871 εἰ
1683 3830 1753 3886 γε
1799 3851 1813 3868 .
1863 3853 1878 3868 .
1928 3851 1941 3867 .
1988 3832 2083 3884 τις
2116 3806 2139 3887 ΙΙ
2172 3805 2260 3882 ὡς
2320 3814 2376 3870 εἴ

417 3933 484 3988 γε
526 3916 635 3974 καὶ
681 3903 882 3988 ἄλλος
930 3935 1027 3988 τις
1070 3907 1150 3970 Ψ
1195 3943 1279 3956 --
1323 3912 1739 3992 Δημοσθένης
1771 3907 1797 3993 ΙΙ
1828 3907 1864 3974 ὃ
1916 3911 1983 3974 Δ.
2019 3912 2075 3973 A
2121 3945 2195 3955 -·-
2248 3910 2370 3990 &nj-

414 4029 645 4077 κουσαι
687 4010 710 4096 ss
754 4033 868 4076 om.
913 4018 971 4078 δι
1017 4010 1096 4073 Ψ
1144 4029 1225 4060 -4-
1270 4019 1650 4096 παρακῦψαι
1696 4009 1719 4096 ss
1765 4009 2142 4096 παρακύψαι
2186 4014 2236 4075 A
2292 4050 2367 4058 —--

1949 4113 2054 4164 14*
