2867 4525
429 266 512 327 98
1331 262 1705 317 ΛΟΥΚΙΑΝΟΥ

427 449 572 514 τοῖς
617 447 904 523 νεκροῖς,·
954 432 1088 500 Τὸν
1131 429 1490 522 Σωκράτην
1534 431 1769 519 εγωγε,
1813 420 1853 520 ἦ
1902 425 1962 498 6'
2014 432 2110 514 ὅς,
2158 428 2313 499 οὐδὲ
2355 435 2595 500 τοῦτον

430 561 701 625 σαφως,
762 529 931 602 ἀλλὰ
991 533 1267 615 εἰκάζων
1324 526 1433 601 ότι
1479 531 1825 658 φαλακρὸς
1875 535 1988 601 καὶ
2033 532 2438 620 προγάστωρ
2482 519 2592 619 ἦν·

429 638 547 707 τὸν
582 637 920 705 Πλάτωνα
966 636 1038 703 δέ
1084 629 1200 703 οὗκ
1243 636 1597 724 ἐγνώρισα·
1636 637 1758 757 χρὴ
1802 635 1947 722 γάρ,
1995 633 2208 721 οἶμαι,
2253 636 2429 722 πρὸς
2475 642 2597 724 φί-

433 743 585 818 λους
651 734 897 825 ἄνδρας
961 734 1231 827 τάληθῆ
1294 740 1527 823 λέγειν.
1629 732 1769 823 άμα
1840 740 1996 825 γοῦν
2065 736 2269 825 ε’γωγε
2326 763 2598 806 απαντα

433 835 720 929 ἀκριβῶς
775 839 1069 926 ἑώρακα,
1135 841 1249 907 καὶ
1306 838 1383 907 τὸ
1439 836 1668 924 χάσμα
1728 844 2008 925 συνέμυε
2063 847 2178 908 καί
2232 864 2410 918 τινες
2460 843 2598 907 τῶν

432 942 701 1010 οἰκετῶν
759 935 1231 1030 ἀναζητοῦντές
1285 966 1399 1026 με,
1457 943 1567 1009 καὶ
1613 947 1916 1028 Πυρρίας
1974 935 2172 1019 οὗτος
2216 941 2288 1009 ἐν
2347 934 2595 1023 αύτοῑς,

432 1044 808 1133 ἐπέστησαν
869 1067 1061 1111 ουπω
1114 1043 1340 1110 τέλεον
1384 1042 1754 1127 μεμυκότος
1805 1045 1925 1109 τοῦ
1972 1040 2334 1126 χάσματος.
2421 1042 2593 1125 εἰπέ,

430 1151 729 1232 Πυρρία,
789 1144 850 1213 εἶ
906 1143 1131 1234 ἀληθῆ
1191 1146 1381 1230 λέγω.
1471 1142 1580 1231 Νὴ
1635 1138 1778 1231 Δί’,
1829 1144 1958 1234 ε’φη
2007 1141 2043 1212 6
2091 1149 2428 1231 Πυρρίας,
2484 1147 2597 1213 καὶ

429 1244 670 1337 ὗλακῆς
716 1247 788 1316 δὲ
830 1242 1086 1337 ἤκουσα
1130 1245 1244 1313 διὰ
1286 1247 1409 1311 τοῦ
1447 1238 1790 1368 χάσματος
1834 1250 1948 1315 καὶ
1992 1250 2129 1335 πῦρ
2173 1273 2243 1315 τι
2285 1235 2599 1330 ὑπολάμ-

432 1376 589 1419 πειν
635 1343 773 1417 ἀπὸ
818 1352 937 1435 τῆς
968 1347 1172 1436 δᾳδός
1200 1372 1321 1431 μοι
1368 1346 1605 1415 ἐδόκει.
1678 1341 1883 1436 Κάγώ
1925 1346 2205 1435 ἐγέλασα
2237 1347 2600 1436 ἐπιμετρή-

325 1469 402 1525 25
439 1476 681 1531 σαντος
723 1454 844 1519 τοῦ
870 1450 1207 1537 μάρτυρος
1247 1447 1369 1536 τὴν
1398 1445 1642 1536 ὖλακὴν
1671 1452 1784 1517 καὶ
1824 1449 1902 1518 τὸ
1937 1453 2090 1538 πῦρ.
2167 1456 2269 1519 25.
2315 1446 2351 1518 6
2377 1450 2600 1519 Κλεό-

433 1557 642 1643 δημος
689 1546 954 1632 δέ,οὖ
1009 1551 1239 1629 καινά,
1300 1547 1521 1633 εἶπεν,
1577 1547 1730 1619 οὖδὲ
1788 1547 2016 1632 ἄλλοις
2073 1546 2334 1639 ἀόρατα
2388 1556 2600 1620 ταῦτα

430 1654 625 1740 εἶδες,
678 1655 829 1723 ἐπεὶ
872 1659 986 1723 καὶ
1031 1647 1235 1732 αὐτὸς
1281 1645 1358 1720 ού
1403 1652 1538 1740 πρὸ
1586 1654 1846 1721 πολλοῦ
1892 1654 2181 1745 νοσήσας
2223 1653 2489 1722 τοιόνδε
2531 1680 2601 1721 τι

433 1758 852 1846 ἐθεασάμην·
914 1754 1282 1824 ἐπεσκόπει
1339 1753 1413 1820 δέ
1469 1780 1555 1840 με
1596 1757 1709 1823 καὶ
1763 1755 2178 1842 ἐθεράπευεν
2216 1757 2601 1844 Ἀντίγονος

434 1853 647 1939 οὗτος.
739 1858 986 1947 ἑβδόμη
1031 1858 1153 1943 μὲν
1197 1842 1276 1944 ἦν
1319 1851 1567 1946 ἡμέρα,
1615 1853 1650 1925 6
1698 1859 1771 1926 δέ
1815 1858 2107 1945 πυρετὸς
2151 1858 2294 1938 οἶος
2335 1859 2602 1927 καύσων

436 1960 908 2050 σφοδρότερος.
999 1952 1294 2036 άπαντες
1351 1958 1425 2024 δέ
1481 1983 1567 2044 με
1625 1952 2086 2038 ἀπολιπόντες
2142 1954 2257 2028 ἐπ’
2323 1960 2601 2050 ἐρημίας

436 2166 695 2247 λευσας,
742 2190 794 2231 ω
832 2157 1200 2247 Ἀντίγονε,
1257 2161 1325 2228 ει’
1364 2185 1515 2239 πως
1560 2163 1919 2253 δυνηθείην
1965 2163 2062 2243 εἷς
2105 2164 2318 2231 ῧπνον
2361 2169 2602 2248 τρέπε-

436 2272 630 2334 σθαι.
696 2266 850 2333 τότε
879 2251 995 2332 οἷν
1018 2258 1383 2353 εφίσταταί
1402 2290 1524 2349 μοι
1547 2259 1862 2345 νεανίας’
1833 2267 2221 2357 εγρηγορότι
2251 2266 2593 2353 πάγκαλος
2612 2283 2669 2333 53

432 2366 662 2436 λευκὸν
711 2365 980 2450 ἱμάτιον
1023 2367 1620 2454 περιβεβλημένος,
1667 2364 1815 2435 εἶτα
1861 2362 2245 2457 ἀναστήσας
2292 2363 2438 2454 ἄγει
2484 2367 2597 2435 διά

429 2492 614 2546 τινος
650 2467 998 2553 χάσματος
1044 2462 1111 2547 ἐς
1153 2467 1272 2536 τὸν
1301 2461 1572 2558 Ἀιδην,
1625 2465 1715 2548 ὥς
1761 2461 1996 2540 αύτίκα
2042 2465 2365 2557 ἐγνώρισα
2419 2470 2596 2537 Τάν-

428 2571 635 2638 ταλον
682 2567 845 2637 ἰδών
887 2572 996 2637 καὶ
1037 2567 1281 2639 Τιτυὸν
1326 2572 1439 2638 καὶ
1470 2577 1790 2660 Σίσυφον.
1863 2575 1975 2639 καὶ
2018 2570 2104 2639 τὰ
2147 2571 2268 2657 μὲν
2316 2566 2487 2638 ἄλλα
2527 2577 2599 2639 τί

433 2662 512 2741 ἀν
558 2669 717 2758 ύμῖν
777 2673 1072 2758 λέγοιμι,·
1129 2671 1282 2740 ἐπεὶ
1336 2672 1409 2740 δὲ
1453 2673 1623 2741 κατὰ
1673 2672 1750 2740 τὸ
1812 2668 2238 2763 δικαστήριον
2284 2672 2598 2762 ἐγενόμην

430 2814 515 2825 -
561 2778 784 2863 παρῆν
831 2776 903 2842 δὲ
946 2777 1057 2841 καὶ
1102 2770 1138 2842 6
1186 2774 1456 2854 Αἰακὸς
1499 2779 1611 2844 καὶ
1668 2772 1704 2844 6
1753 2775 2007 2862 Χάρων
2051 2778 2164 2844 καὶ
2211 2776 2281 2843 αἱ
2325 2781 2596 2862 Μοῖραι

426 2879 539 2945 καὶ
587 2878 661 2944 αἱ
696 2870 979 2962 Ἐρινύες
1023 2916 1108 2926 -
1152 2872 1188 2943 6
1235 2880 1357 2961 μέν
1398 2902 1504 2956 τις
1549 2870 1779 2964 ὥσπερ
1822 2876 2140 2964 βασιλεὺς
2185 2874 2221 2945 6
2268 2877 2595 2945 Πλούτων

429 3004 547 3064 μοι
604 2979 787 3045 δοκεῖ
840 2983 1145 3065 καθῆστο
1201 2977 1675 3065 ἐπιλεγόμενος
1738 2983 1870 3049 τῶν
1937 2979 2445 3068 τεθνηξομένων
2509 2978 2596 3045 τὰ

430 3074 752 3163 ὀνόματα,
800 3078 915 3157 οὓς
956 3075 1081 3168 ἤδη
1127 3073 1588 3168 ὑπερημέρους
1616 3084 1734 3168 τῆς
1772 3082 1941 3172 ζωῆς
1973 3087 2355 3166 συνέβαινεν
2402 3078 2595 3150 εἶναι.

431 3178 466 3248 6
502 3181 577 3248 δὲ
607 3186 949 3259 νεανίσκος
978 3180 1094 3265 ἐμὲ
1124 3185 1350 3270 φέρων
1380 3187 1802 3271 παρέστησεν
1833 3177 2017 3271 αὐτῷ
2032 3203 2048 3219 ·
2096 3179 2132 3251 6
2168 3184 2241 3251 δέ
2269 3183 2597 3251 Πλούτων

429 3276 844 3373 ἠγανάκτησε
872 3281 1027 3351 τότε
1053 3286 1165 3351 καὶ
1212 3282 1387 3371 πρὸς
1414 3284 1532 3352 τὸν
1565 3279 1899 3372 ἀγαγόντα
1928 3310 2033 3370 με,
2090 3280 2299 3353 Οὕπω
2331 3285 2600 3407 πεπλή-

429 3413 660 3474 ρωται,
708 3392 897 3474 φησί,
941 3384 1018 3454 τὸ
1067 3389 1242 3475 νῆμα
1289 3380 1497 3473 αύτῷ,
1546 3380 1721 3455 ω’στε
1765 3382 2013 3456 ἀπίτω.
2104 3387 2183 3454 σὺ
2232 3387 2304 3454 δέ
2350 3384 2431 3475 δὴ
2478 3385 2599 3454 τὸν

428 3489 675 3572 χαλκέα
717 3486 1033 3577 Δημύλον
1093 3484 1243 3575 ὅγε·
1301 3485 1473 3576 ὑπὲρ
1529 3488 1656 3612 γὰρ
1707 3489 1826 3558 τὸν
1888 3485 2212 3577 ἄτρακτον
2255 3485 2381 3577 ἤδη
2434 3495 2597 3608 βιοῖ.
2853 3552 2854 3565 ,

428 3583 606 3676 κάγω
670 3586 956 3675 ἅσμενος
1012 3582 1418 3674 ἀναδραμὼν
1488 3585 1690 3671 αυτὸς
1752 3592 1874 3676 μὲν
1926 3586 2050 3680 ηδη
2112 3586 2444 3676 ἀπύρετος
2499 3575 2596 3679 ἦν,
2851 3572 2854 3667 ¹¹

431 3685 850 3781 ἀπήγγελλον
911 3691 984 3758 δέ
1045 3691 1303 3759 ἅπασιν
1349 3716 1445 3770 ως
1501 3688 1899 3781 τεθνήξεται
1940 3692 2289 3816 Δημύλος·
2348 3717 2416 3759 εν
2459 3716 2598 3778 γει-

431 3792 645 3860 τόνων
693 3793 766 3860 δὲ
808 3789 966 3879 ἡμῖν
1011 3789 1168 3880 ᾤκει
1200 3815 1416 3861 νοσων
1458 3819 1526 3861 τι
1570 3798 1681 3863 καὶ
1722 3788 1941 3877 αυτός,
1989 3791 2082 3874 ὥς
2127 3789 2596 3882 ἀπηγγέλλετο.

431 3896 544 3961 καὶ
587 3893 757 3978 μετὰ
801 3893 1036 3980 μικρὸν
1080 3891 1406 3985 ἠκούομεν
1445 3895 1736 3984 οἰμωγῆς
1765 3890 2186 3985 ὀδυρομένων
2233 3890 2344 3963 ἐπ’
2397 3888 2598 3984 αύτῷ.

329 4014 407 4070 26
443 4001 546 4064 26.
585 4001 672 4063 Τί
697 3995 1128 4080 θαυμαστόν,·
1171 3993 1360 4065 εἶπεν
1396 3993 1431 4065 6
1457 3990 1872 4085 Ἀντίγονος·
1919 3995 2045 4084 ἐγώ
2074 3996 2202 4086 γὰρ
2246 3994 2401 4066 οἶδά
2444 4024 2600 4066 τινα

436 2061 978 2147 ἐπικλεισάμενοι
1020 2059 1142 2139 τὰς
1185 2059 1407 2187 θύρας
1439 2058 1566 2138 ε’ξω
1599 2066 2022 2148 περιέμενον·
2072 2055 2245 2129 ούτω
2289 2060 2416 2149 γὰρ
2463 2061 2602 2129 ἐκέ·
2857 2083 2865 2587 ἰ
