2867 4525
475 297 600 358 154
1376 297 1755 353 ΔΟΥΚῙΑΝΟΥ

470 469 672 556 γόνας
715 467 1044 556 πτήσεως.
1118 466 1187 533 ἐν
1213 473 1454 553 βραχεῖ
1480 468 1552 535 δὲ
1586 466 1811 535 πολλὰ
1841 463 1878 534 5
1910 473 2209 558 τεχνίτης
2238 467 2636 555 ἐμιμήσατο,

474 569 644 639 αἰδῶ
687 574 1041 659 παρθένου
1083 571 1195 637 καὶ
1241 567 1486 657 φόβον·
1562 568 1925 638 ἐπισκοπεῖ
1962 569 2089 657 γὰρ
2117 569 2333 659 μάχην
2364 566 2637 639 ἀνωθεν

473 671 544 740 ἐκ
599 675 718 761 τῆς
774 676 1028 758 πέτρας
1083 674 1193 739 καὶ
1251 676 1516 738 νεανίου
1566 671 1822 757 τόλμαν
1866 671 2183 759 ἐρωτικὴν
2225 675 2338 741 καὶ
2382 677 2637 760 θηρίου

472 771 641 863 ὄψιν
687 771 1153 862 ἀπρόσμαχον·
1212 775 1326 841 καὶ
1369 773 1445 840 τὸ
1478 772 1601 857 μὲν
1632 772 1861 842 ἔπεισι
1890 775 2221 863 πεφρικὸς
2248 788 2400 853 ταῖς
2431 768 2640 842 ἀκάν-

473 882 642 954 θαις
683 877 796 943 καὶ
841 875 1304 961 δεδιττόμενον
1350 879 1447 961 τῷ
1486 875 1804 960 χάσματι,
1850 871 1887 943 5
1919 875 2223 963 Περσεὺς
2245 875 2328 944 δὲ
2356 879 2443 966 τῇ
2475 877 2641 965 λαιᾷ

473 978 593 1063 μὲν
650 978 1082 1065 προδείκνυσι
1136 976 1257 1062 τὴν
1317 978 1650 1064 Γοργόνα,
1704 982 1790 1065 τῇ
1848 978 2036 1068 δεξιᾷ
2093 978 2167 1047 δὲ
2209 983 2640 1048 καθικνεῖται

471 1084 572 1168 τῷ
617 1080 830 1169 ξίφει·
915 1082 1029 1146 καὶ
1071 1078 1149 1145 τὸ
1196 1080 1318 1163 μὲν
1363 1078 1526 1147 ὅσον
1570 1083 1691 1148 τοῦ
1732 1080 1972 1169 κήτους
2016 1076 2153 1149 εἶδε
2193 1079 2315 1167 τὴν
2357 1080 2640 1148 Μέδου-

476 1205 620 1263 σαν,
666 1177 790 1272 ἤδη
836 1182 1038 1260 λίθος
1080 1181 1243 1259 ἐστί,
1288 1180 1362 1248 τὸ
1413 1179 1483 1249 δ’
1535 1181 1695 1250 ὅσον
1741 1182 2040 1268 ἔμψυχον
2082 1187 2287 1268 μένει,
2331 1185 2416 1271 τῇ
2450 1174 2637 1270 ἅρπῃ

367 1301 445 1357 23
479 1283 825 1353 κόπτεται.
892 1288 995 1353 23.
1041 1282 1191 1369 ἑξῆς
1222 1283 1296 1351 δὲ
1323 1283 1494 1369 μετὰ
1526 1283 1724 1371 τήνδε
1749 1281 1871 1370 τὴν
1901 1278 2125 1351 εἰκόνα
2155 1284 2379 1372 ἕτερον
2411 1284 2641 1371 δρᾶμα

472 1391 846 1474 γέγραπται
933 1385 1386 1469 δικαιότατον,
1474 1380 1553 1453 οὗ
1622 1384 1698 1453 τὸ
1784 1380 2157 1475 ἀρχέτυπον
2229 1382 2265 1455 5
2339 1386 2641 1474 γραφεὺς

475 1483 645 1572 παρ’
710 1481 1085 1575 Εὐριπίδου
1143 1478 1184 1573 ἢ
1227 1489 1649 1577 Σοφοκλέους
1705 1489 1891 1558 δοκεῖ
1939 1515 2061 1575 μοι
2115 1491 2375 1574 λαβεῖν·
2466 1487 2641 1556 ἐκεῖ·

473 1617 579 1659 νοι
622 1589 749 1678 γὰρ
794 1587 1039 1676 ὁμοίαν
1099 1589 1485 1680 ἓγραψάτην
1543 1589 1785 1658 εἰκόνα.
1870 1590 1965 1658 τὼ
2018 1596 2253 1659 νεανία
2302 1590 2397 1656 τιὸ
2444 1589 2736 1658 {val-204

473 1719 567 1780 ρω
635 1691 954 1781 Πυλάδης
1030 1717 1104 1760 τε
1180 1689 1216 1761 5
1291 1691 1565 1771 Φωκεὺς
1642 1694 1756 1760 καὶ
1824 1686 2138 1782 Ὀρέστης
2216 1693 2427 1759 δοκῶν
2506 1687 2637 1781 ἤδη

473 1795 803 1863 τεθνάναι
871 1788 1167 1862 λαθόντε
1236 1793 1320 1860 τὰ
1387 1795 1708 1879 βασίλεια
1773 1795 2175 1884 φονεύουσιν
2242 1789 2450 1882 ἄμφω
2515 1792 2641 1861 τὸν

472 1896 859 1982 Αἴγισθον·
947 1894 986 1984 ἡ
1049 1896 1122 1962 δὲ
1166 1897 1731 1985 Κλυταιμνήστρα
1782 1893 1906 1987 ἤδη
1966 1890 2296 1987 ἀνῄρηται
2349 1899 2464 1965 καὶ
2511 1889 2666 1963 ἐπ’“

473 1992 666 2086 εῦνῆς
714 2022 898 2076 τινος
938 1993 1304 2085 ἡμίγυμνος
1346 1998 1702 2087 πρόκειται
1744 2002 1859 2068 καὶ
1901 2004 2246 2085 θεραπεία
2288 2001 2487 2065 πᾶσα
2531 1997 2641 2065 ἐκ-

473 2102 933 2191 πεπληγμένοι
973 2099 1053 2167 τὸ
1100 2100 1290 2188 ἔργον
1335 2102 1401 2168 οἱ
1444 2101 1566 2186 μὲν
1611 2094 1841 2188 ὥσπερ
1883 2104 2171 2186 βοῶσιν,
2228 2100 2295 2168 οἱ
2340 2100 2414 2167 δέ
2457 2123 2639 2179 τινες

471 2195 608 2295 ὅπη
655 2203 921 2292 φύγωσι
949 2205 1461 2291 περιβλέπουσι.
1537 2202 1780 2289 σεμνὸν
1825 2203 1898 2271 δέ
1940 2230 2007 2271 τι
2051 2198 2086 2272 5
2133 2202 2428 2292 γραφεὺς
2474 2201 2638 2271 ἐπε·
2845 2185 2851 2256 Ι

471 2307 670 2394 νόησε
712 2304 789 2373 τὸ
834 2306 957 2390 μὲν
987 2299 1227 2390 ἀσεβὲς
1254 2308 1374 2394 τῆς
1405 2305 1882 2395 ἐπιχειρήσεως
1913 2307 2135 2386 δείξας
2163 2301 2369 2391 μόνον
2396 2308 2511 2373 καὶ
2541 2302 2637 2385 ὥς
2847 2316 2848 2325 ’

471 2404 598 2496 ἤδη
657 2411 1131 2495 πεπραγμένον
1182 2408 1681 2495 παραδραμών,
1754 2408 2287 2495 ἐμβραδύνοντας
2343 2408 2417 2475 δὲ
2470 2406 2634 2489 τοῦς

362 2533 444 2589 24
479 2515 859 2589 νεανίσκους
914 2509 1363 2597 ἐργασάμενος
1416 2514 1516 2597 τῷ
1566 2514 1687 2578 τοῦ
1722 2516 1966 2596 ,μοιχοῦ
2010 2511 2221 2600 φόνῳ.
2309 2517 2410 2578 24.
2457 2510 2632 2596 μετὰ

470 2613 543 2681 δὲ
615 2616 812 2680 τοῦτο
888 2611 1054 2691 θεός
1119 2612 1300 2681 ἐστιν
1368 2609 1705 2702 εὔμορφος
1768 2617 1879 2682 καὶ
1945 2612 2293 2699 μειράκιον
2359 2608 2630 2700 ὡραῖον,
2845 2640 2846 2717 1

469 2715 746 2803 ἐρωτική
792 2739 898 2794 τις
939 2715 1221 2783 παιδιά·
1295 2711 1330 2782 5
1378 2714 1680 2802 Βράγχος
1726 2714 1841 2783 ἐπὶ
1884 2720 2140 2800 πέτρας
2178 2710 2633 2800 καθεζόμενος
2845 2724 2846 2773 ¹

469 2813 686 2903 ἀνέχει
732 2815 948 2903 λαγών
991 2819 1101 2885 καὶ
1148 2816 1564 2904 προσπαίζει
1605 2816 1723 2884 τὸν
1765 2816 1947 2899 κύνα,
1993 2812 2028 2885 5
2071 2817 2146 2884 δὲ
2174 2817 2721 2906 πηδησομένῳῖοὸ

469 2921 680 2990 ἔοικεν
712 2913 824 2987 ἐπ’
872 2913 1074 2987 αῦτὸν
1104 2918 1171 2997 ἐς
1200 2918 1278 2985 τὸ
1310 2912 1509 3005 ῦψος,
1553 2921 1668 2987 καὶ
1688 2913 2064 2987 Ἀπόλλων
2094 2918 2450 3003 παρεστώς
2478 2944 2632 3005 μει-
2837 2954 2845 3067 η

470 3024 583 3111 διᾷ
639 3021 1050 3109 τερπόμενος
1106 3014 1362 3108 ἀμφοῖν
1413 3024 1526 3088 καὶ
1569 3024 1666 3108 τῷ
1711 3022 1914 3090 παιδὶ
1958 3022 2272 3103 παίζοντι
2315 3024 2427 3089 καὶ
2473 3047 2630 3092 πει-·

362 3145 440 3203 25
476 3128 753 3212 ρωμένῳ
795 3126 889 3209 τῷ
935 3127 1098 3189 κυνί.
1171 3127 1274 3189 25.
1320 3120 1439 3189 ἐπὶ
1478 3122 1551 3189 δὲ
1579 3122 1844 3203 τούτοις
1888 3120 1923 3192 5
1972 3121 2274 3210 Περσεὺς
2302 3123 2514 3192 πάλιν
2541 3124 2630 3191 τὰ

465 3223 600 3312 πρὸ
648 3227 768 3291 τοῦ
811 3224 1046 3311 κήτους
1090 3222 1305 3291 ἐκεῖνα
1349 3225 1615 3308 τολμῶν
1658 3227 1770 3293 καὶ
1814 3221 1853 3311 ἦ
1887 3226 2219 3293 Μέδουσα
2257 3230 2623 3314 τεμνομένη

410 3390 415 3393 .
462 3327 584 3417 τὴν
625 3325 922 3415 κεφαλὴν
965 3327 1078 3393 καὶ
1100 3319 1367 3413 Ἀθηνᾶ
1411 3330 1755 3393 σκέπουσα
1796 3325 1915 3395 τὸν
1944 3332 2248 3417 Περσέα·
2322 3324 2358 3396 5
2405 3326 2626 3415 δὲτὴν

461 3430 583 3516 μὲν
624 3423 878 3514 τόλμαν
924 3427 1297 3515 εἴργασται,
1342 3427 1418 3495 τὸ
1470 3428 1544 3495 δὲ
1588 3428 1777 3516 ἔργον
1822 3423 1938 3513 οῦχ
1983 3425 2233 3517 ἑώρακέ
2275 3454 2419 3510 πω,
2468 3421 2619 3495 ἀλλ’

464 3531 581 3601 ἐπὶ
637 3537 755 3624 τῆς
812 3527 1107 3609 ἀσπίδος
1150 3533 1269 3618 τῆς
1314 3530 1643 3617 Γοργόνος
1684 3529 1801 3617 τὴν
1847 3531 2102 3599 εἰκόνα·
2192 3529 2334 3600 οἶδε
2375 3529 2502 3618 γὰρ
2544 3529 2616 3596 τὸ

357 3656 437 3713 20
470 3631 846 3722 πρόστιμον
905 3634 1025 3722 τῆς
1084 3626 1386 3721 ἀληθοῦς
1438 3628 1685 3718 ὄψεως.
1776 3639 1878 3701 26.
1923 3633 2092 3700 κατὰ
2139 3633 2213 3701 δὲ
2256 3632 2373 3700 τὸν
2416 3637 2621 3718 μέσον

466 3751 688 3820 τοῖχον
756 3732 895 3804 ἅνω
961 3759 1066 3813 τις
1130 3728 1498 3822 ἀντίθυρος
1544 3729 1850 3824 Ἀθηνᾶς
1916 3735 2076 3813 ναὸς
2142 3742 2517 3825 πεποίηται
2579 3729 2615 3817 ἦ

461 3836 630 3916 θεὸς
696 3840 897 3905 λίθου
966 3840 1222 3919 λευκοῦ,
1288 3836 1365 3904 τὸ
1428 3840 1645 3926 σχῆμα
1702 3833 1779 3904 οὗ
1838 3832 2391 3927 πολεμιστήριον,
2462 3829 2608 3902 ἀλλ’

355 3960 428 4016 27
464 3939 608 4008 οἷον
656 3929 737 4005 ἂν
779 3944 1036 4025 γένοιτο
1067 3940 1328 4029 εἰρήνην
1359 3937 1645 4029 ἀγούσης
1675 3942 1846 4006 θεοῦ
1874 3942 2260 4031 πολεμικῆς.
2320 3945 2424 4007 27.
2468 3935 2699 4006 elram

459 4040 632 4128 μετὰ
675 4040 923 4128 ταύτην
956 4036 1120 4129 άλλη
1157 4035 1465 4129 Ἀθηνᾶ,
1513 4035 1588 4107 οὐ
1628 4042 1828 4120 λίθος
1859 4035 2023 4131 αῦτη
2055 4067 2146 4128 γε,
2193 4036 2366 4109 ἀλλὰ
2393 4038 2611 4129 γραφή

306 4230 373 4289 Ἣ,

370 4294 537 4478 ‘k
