2867 4525
914 297 1018 349 ΔΙΣ
1054 297 1685 352 ΚΑΤΗΓΟΡΟΥΜΕΝΟΣ.
2297 298 2374 356 17

214 468 289 535 δὲ
334 466 512 552 πρὸς
557 459 983 555 ἀμφοτέρους
1039 471 1160 534 τοῦ
1204 467 1447 554 Σύρου,
1503 471 1703 536 τοῦτο
1748 467 2045 546 πολλοὺς
2089 465 2379 557 ἐπήγαγε

213 572 313 656 τῷ
376 570 802 656 δικαστηρίῳ.
904 568 1082 654 πλὴν
1143 563 1312 636 ἀλλὰ
1381 567 1581 657 άρξαι
1647 575 1848 653 ποτέ,
1917 596 1971 636 ω
2022 566 2377 659 Ῥητορική,

211 675 350 738 τῶν
395 670 630 757 λόγων.

385 777 488 840 26.
534 776 1045 840 ΡΗΤΟΡΙΚΗ.
1091 777 1375 860 Πρῶτον
1417 778 1570 858 μέν,
1615 759 1669 840 ὦ
1717 769 1953 860 ἄνδρες
1989 767 2368 863 Αθηναῖοι,
2388 784 2466 841 26

209 888 358 953 τοῖς
402 880 600 953 θεοῖς
645 873 928 959 εὔχομαι
973 878 1151 943 πᾶσι
1178 878 1293 942 καὶ
1322 877 1601 957 πάσαις,
1647 868 1813 964 ὅσην
1845 871 2109 944 εὔνοιαν
2139 877 2379 961 ἔχουσα

109 993 197 1045 824
215 977 510 1044 διατελῶ
551 982 638 1067 τῇ
682 1003 757 1045 τε
800 978 1002 1046 πόλει
1043 981 1153 1046 καὶ
1200 980 1415 1045 πᾶσιν
1459 974 1647 1062 ύμῖν,
1707 978 2038 1068 τοσαύτην
2080 976 2378 1065 ὑπάρξαι

207 1105 332 1164 μοι
376 1073 549 1166 παρ’
602 1075 790 1163 ὑμῶν
836 1079 904 1160 ἐς
946 1082 1215 1147 τουτονὶ
1256 1079 1376 1148 τὸν
1423 1074 1680 1167 ἀγῶνα,
1728 1079 1967 1149 ἔπειθ’
2017 1075 2189 1165 ὅπερ
2235 1082 2378 1153 ἐστὶ

207 1181 510 1266 μάλιστα
579 1182 869 1265 δίκαιον,
939 1185 1138 1250 τοῦτο
1206 1186 1643 1271 παραστῆσαι
1710 1182 1866 1263 τούς
1930 1183 2139 1263 θεοὺς
2201 1181 2375 1270 ὑμῖν,

206 1282 330 1350 τὸν
372 1284 496 1367 μὲν
540 1278 881 1353 ἀντίδικον
929 1288 1201 1352 σιωπᾶν
1243 1284 1566 1367 κελεύειν,
1627 1284 1742 1369 ἐμὲ
1800 1285 1893 1368 δέ,
1940 1282 2033 1365 ὥς
2076 1287 2378 1377 προῄρη-

208 1413 340 1471 μαι
383 1389 497 1453 καὶ
540 1387 988 1475 βεβούλημαι,
1047 1386 1168 1475 τὴν
1226 1394 1629 1476 κατηγορίαν
1675 1387 1874 1456 ἐᾶσαι
1919 1389 2376 1477 ποιήσασθαι.

209 1482 361 1572 οὐχὶ
408 1488 482 1555 δὲ
527 1483 740 1556 ταῦτὰ
787 1495 1212 1577 παρίσταταί
1253 1515 1374 1573 μοι
1414 1490 1834 1577 γιγνώσκειν,
1896 1484 2058 1559 ὅταν
2103 1516 2177 1558 τε
2222 1491 2291 1571 ἐς
2334 1492 2377 1559 ἃ

207 1596 546 1658 πέπονθα
593 1585 974 1677 ἀποβλέψω
1019 1595 1132 1659 καὶ
1176 1584 1339 1659 ὅταν
1386 1592 1454 1671 ἐς
1495 1592 1653 1672 τοὺς
1684 1593 1918 1679 λόγους
1963 1591 2078 1671 οὓς
2122 1589 2373 1660 άκούω·

205 1691 372 1771 τοὺς
414 1694 535 1776 μὲν
576 1693 705 1779 γὰρ
754 1693 989 1780 λόγους
1032 1689 1126 1773 ὥς
1171 1690 1616 1778 ὁμοιοτάτους
1669 1708 1813 1773 τοῖς
1866 1693 2052 1779 ἐμοῖς
2097 1695 2212 1775 οὓς
2257 1689 2377 1763 αῦ-

205 1794 331 1875 τός
377 1794 515 1883 ἐρεῖ
557 1794 733 1882 πρὸς
778 1792 969 1880 ῦμᾶς,
1016 1795 1101 1862 τὰ
1148 1796 1222 1863 δὲ
1269 1797 1636 1884 πράγματα
1667 1794 1735 1874 ἐς
1762 1799 1961 1863 τοῦτο
1993 1797 2376 1886 προήκοντα

208 1894 521 1983 ὄψεσθε,
580 1892 753 1965 ω’στε
798 1890 990 1978 ὅπως
1046 1898 1137 1987 μὴ
1189 1892 1413 1985 χεῖρόν
1457 1925 1527 1966 τι
1580 1904 1910 1983 πείσομαι
1954 1898 2131 1985 πρὸς
2174 1893 2377 1967 αὐτοῦ

225 2006 632 2085 σκέψασθαι
676 2000 847 2068 δέον.
936 1994 1107 2067 ἀλλὰ
1149 1999 1277 2088 γὰρ
1327 2000 1442 2068 ἵνα
1496 2000 1586 2091 μὴ
1639 2000 1861 2086 μακρὰ
1918 2000 2376 2088 προοιμιάζω-

208 2130 367 2188 μαι,
411 2107 535 2171 τοῦ
577 2096 824 2181 ύδατος
869 2101 1087 2170 πάλαι
1134 2104 1282 2191 εἰκῆ
1326 2105 1628 2192 ῥέοντος,
1677 2099 1968 2190 ἄρξομαι
2012 2107 2132 2193 τῆς
2173 2129 2378 2195 κατη-

209 2213 471 2294 γορίας.

385 2316 488 2377 27.
541 2303 698 2395 Ἐγώ
757 2307 915 2395 γάρ,
983 2334 1037 2374 ω
1098 2303 1334 2397 ανδρες
1397 2308 1741 2392 δικασταί,
1807 2311 2070 2377 τουτονὶ
2130 2310 2373 2399 κομιδῇ
2392 2318 2462 2374 27

205 2411 557 2496 μειράκιον
601 2409 797 2494 όντα,
850 2409 1193 2498 βάρβαρον
1252 2412 1353 2480 ἔτι
1407 2411 1527 2499 τὴν
1585 2411 1819 2500 φωνὴν
1865 2414 1974 2479 καὶ
2019 2415 2377 2496 μονονουχὶ

207 2513 453 2580 κάνδυν
510 2513 904 2582 ἐνδεδυκότα
961 2512 1028 2592 ἐς
1086 2511 1204 2580 τόν
1264 2507 1626 2601 Ἀσσύριον
1691 2514 1978 2601 τρόπον,
2047 2518 2207 2602 περὶ
2258 2515 2379 2604 τὴν

200 2609 461 2683 Ἰωνίαν
505 2613 791 2703 εῦροῦσα
834 2613 1255 2699 πλαζόμενον
1297 2614 1399 2683 ἔτι
1442 2619 1555 2683 καὶ
1599 2609 1640 2683 ὅ
1680 2643 1750 2683 τι
1789 2616 2113 2702 χρήσαιτο
2157 2616 2377 2703 ἑαυτῷ

211 2712 357 2785 ούκ’
378 2717 610 2785 εἰδότα
653 2720 1145 2805 παραλαβοῦσα
1191 2717 1595 2784 ἐπαίδευσα·
1641 2719 1754 2785 καὶ
1802 2715 1954 2785 ἐπεὶ
1999 2717 2214 2786 ἐδόκει
2257 2744 2378 2804 μοι

110 2835 195 2887 825
212 2820 522 2947 εὐμαθὴς
566 2818 740 2888 εἶναι
783 2823 894 2887 καὶ
940 2814 1167 2897 ατενὲς
1211 2816 1376 2906 ὁρᾶν
1433 2818 1533 2899 εἷς
1577 2818 1693 2904 ἐμέ
1738 2857 1821 2868 -
1864 2815 2261 2908 ὖπέπτησσέ
2303 2845 2377 2888 τε

208 2923 336 3010 γὰρ
384 2922 488 2990 ε’τι
530 2923 686 2991 τότε
728 2925 839 2990 καὶ
886 2921 1264 3033 ἐθεράπευε
1293 2924 1404 2989 καὶ
1433 2923 1643 3012 μόνην
1675 2921 2054 3006 ἐθαύμαζεν
2086 2958 2166 2970 -
2199 2916 2372 2990 ἆπο-

212 3026 513 3092 λιποῦσα
555 3025 714 3105 τούς
771 3021 1009 3104 άλλους
1063 3007 1318 3092 οπόσοι
1374 3023 1851 3114 ἐμνηστεύοντό
1911 3051 1995 3110 με
2055 3027 2376 3095 πλούσιοι

208 3130 324 3194 καὶ
368 3129 563 3195 καλοὶ
605 3131 719 3196 καὶ
767 3130 1065 3213 λαμπροὶ
1112 3126 1196 3194 τὰ
1244 3127 1635 3215 προγονικά,
1690 3132 1788 3216 τῷ
1833 3123 2132 3216 άχαρίτῳ
2178 3128 2375 3214 ἐμαυ-

210 3229 334 3318 τὴν
381 3229 738 3320 ἐνεγγύησα
783 3235 1023 3319 πένητι
1063 3231 1175 3296 καὶ
1223 3223 1478 3317 άφανεῖ
1516 3232 1627 3296 καὶ
1674 3234 1802 3318 νέῳ
1847 3244 2097 3316 προῖκα
2140 3225 2217 3299 οῦ
2261 3260 2376 3318 μι-

210 3332 376 3417 κρὰν
433 3332 1022 3421 ἐπεισενεγκαμένη
1081 3330 1377 3410 πολλοὺς
1433 3335 1546 3399 καὶ
1612 3338 2042 3417 θαυμασίους
2108 3333 2375 3420 λόγους·

214 3431 364 3503 εἶτα
407 3429 751 3523 ἀγαγοῦσα
796 3429 998 3502 αὖτὸν
1044 3432 1112 3513 ἐς
1154 3432 1312 3513 τοὺς
1352 3436 1644 3524 φυλέτας
1672 3435 1828 3514 τοὺς
1860 3435 2059 3519 ἐμοὺς
2088 3441 2376 3522 παρενέ-

211 3550 450 3624 γραψα
506 3541 620 3605 καὶ
680 3531 888 3605 άστὸν
945 3534 1300 3624 ἀπέφηνα,
1360 3529 1533 3604 ὥστε
1587 3536 1746 3616 τοὺς
1799 3537 2376 3623 διαμαρτάνοντας

211 3644 331 3728 τῆς
396 3633 627 3728 ἐγγύης
683 3635 1218 3726 άποπνίγεσθαι.
1320 3638 1524 3718 δόξαν
1581 3640 1653 3707 δὲ
1715 3633 1897 3726 αὐτῷ
1953 3653 2375 3724 περινοστεῖν

216 3740 700 3830 ἐπιδειξομένῳ
742 3747 863 3809 τοῦ
904 3740 1119 3829 γάμου
1163 3739 1284 3830 τὴν
1340 3734 1744 3826 εῦποτμίαν,
1805 3737 1959 3810 οὐδὲ
2003 3741 2157 3811 τότε
2203 3736 2375 3810 άπε-

217 3844 532 3933 λείφθην,
581 3838 752 3911 ἀλλὰ
799 3846 1143 3927 πανταχοῦ
1186 3841 1515 3932 ἑπομένη,
1568 3839 1709 3912 ἅνω
1752 3847 1864 3912 καὶ
1908 3845 2089 3912 κάτω
2134 3869 2375 3933 περια-

214 3953 456 4036 γομένη
505 3949 622 4014 καὶ
665 3945 923 4013 κλεινὸν
969 3941 1167 4012 αὐτὸν
1211 3947 1322 4012 καὶ
1370 3938 1684 4030 ἀοίδιμον
1727 3947 2003 4015 ἐποίουν
2047 3970 2374 4014 κατακοσ-

216 4051 437 4131 μοῦσα
490 4051 603 4115 καὶ
663 4048 1225 4135 περιστέλλουσα*
1285 4050 1396 4115 καὶ
1453 4047 1538 4115 τὰ
1581 4049 1703 4143 μὲν
1750 4048 1867 4117 ἐπὶ
1910 4054 2028 4139 τῆς
2064 4045 2374 4124 Ἑλλάδος

316 4159 491 4203 Luciam
519 4159 602 4202 111.
2035 4153 2064 4202 2
