2867 4525
515 277 593 334 18
1409 278 1781 332 ΛΟΥΚΙΑΝΟΥ

508 449 620 513 καὶ
677 451 798 533 τῆς
831 441 1088 525 Ἰωνίας
1144 452 1414 533 μέτρια,
1476 447 1542 526 ἐς
1601 448 1672 516 δὲ
1728 446 1846 535 τὴν
1882 440 2170 514 Ἰταλίαν
2232 440 2668 535 ἀποδημῆσαι

509 543 882 638 θελήσαντι
927 548 1110 635 αὐτῷ
1159 549 1275 616 τὸν
1310 543 1545 618 Ἰόνιον
1605 550 2091 617 συνδιέπλευσα
2147 551 2259 617 καὶ
2303 547 2387 614 τὰ
2445 551 2666 616 τελευ-

510 665 669 717 ταῖα
714 655 907 738 μέχρι
949 658 1066 738 τῆς
1096 653 1418 740 Κελτικῆς
1464 651 1913 737 συναπάρασα
1959 646 2408 737 εὐπορεῖσθαι
2438 649 2666 738 ἐποίη-

512 776 618 819 σα.
692 757 804 821 καὶ
849 758 1039 843 μέχρι
1081 755 1202 838 μὲν
1246 754 1505 821 πολλοῦ
1550 753 1776 821 πάντα
1818 780 1937 838 μοι
1972 753 2295 821 ἐπείθετο
2325 755 2434 821 καὶ
2470 757 2664 842 συνῆν

513 849 618 922 ἇεὶ
683 856 1016 943 μηδεμίαν
1083 855 1282 924 νύκτα
1352 849 1719 933 ἀπόκοιτος
1783 855 2171 942 γιγνόμενος
2227 852 2396 940 παρ’
2457 850 2664 942 ἡμῶν.

402 968 480 1022 28
518 962 620 1024 28.
671 955 822 1024 ἐπεὶ
868 958 940 1026 δὲ
987 958 1228 1035 ἱκανῶς
1274 957 1707 1025 ἐπεσιτίσατο
1752 960 1866 1024 καὶ
1908 955 1994 1025 τὰ
2039 956 2212 1045 πρὸς
2244 951 2551 1036 εὐδοξίαν
2596 942 2664 1024 εὑ
2679 970 2751 1022 826

511 1059 681 1142 ἔχειν
729 1053 908 1145 αὐτῷ
937 1056 1252 1143 ὑπέλαβε,
1297 1058 1423 1138 τὰς
1452 1057 1665 1148 ὀφρῦς
1697 1058 1958 1144 ἐπάρας
1985 1062 2097 1126 καὶ
2126 1064 2296 1145 μέγα
2327 1059 2666 1150 φρονήσας

511 1160 671 1244 ἐμοῦ
714 1162 836 1245 μὲν
879 1156 1185 1250 ἠμέλησε,
1231 1163 1487 1246 μᾶλλον
1534 1161 1606 1227 δὲ
1647 1164 1875 1229 τέλεον
1924 1160 2166 1244 εἴασεν,
2215 1155 2416 1241 αὐτὸς
2449 1162 2524 1227 δὲ
2554 1162 2666 1230 τὸν

507 1264 841 1352 γενειήτην
901 1263 1180 1345 ἐκεῖνον,
1242 1263 1361 1331 τὸν
1421 1260 1560 1330 ἀπὸ
1638 1267 1759 1331 τοῦ
1836 1262 2170 1352 σχήματος
2240 1265 2667 1354 Φιλοσοφίας

510 1364 656 1432 υἱὸν
703 1363 876 1434 εἶναι
921 1366 1290 1453 λεγόμενον,
1335 1365 1456 1433 τὸν
1500 1365 1865 1451 Διάλογον,
1911 1362 2443 1454 ὑπεραγαπήσας
2484 1366 2666 1450 μάλα

508 1467 839 1553 ἐρωτικῶς
894 1468 1343 1554 πρεσβύτερον
1411 1461 1617 1535 αὑτοῦ
1676 1465 1868 1550 ὄντα,
1925 1461 2142 1554 τούτῳ
2198 1467 2502 1548 σύνεστι,
2561 1472 2666 1536 καὶ

508 1562 624 1636 οῦκ
682 1570 1066 1653 αἰσχύνεται
1123 1569 1244 1660 τὴν
1300 1571 1421 1655 μὲν
1479 1569 1871 1655 ἐλευθερίαν
1943 1573 2054 1637 καὶ
2109 1570 2186 1638 τὸ
2252 1566 2481 1638 ἄνετον
2538 1574 2668 1636 τῶν

507 1670 575 1737 ἐν
649 1671 798 1757 ἐμοὶ
860 1672 1073 1761 λόγων
1133 1672 1502 1758 συντεμών,
1572 1672 1638 1750 ἐς
1702 1671 1906 1757 μικρὰ
1975 1670 2048 1738 δὲ
2113 1674 2226 1739 καὶ
2289 1662 2665 1756 κομματικὰ

508 1771 902 1862 ἐρωτήματα
973 1777 1412 1855 κατακλείσας
1485 1774 1724 1843 ἑαυτὸν
1796 1777 1908 1841 καὶ
1975 1767 2123 1841 ἀντὶ
2182 1778 2300 1841 τοῦ
2360 1776 2576 1860 λέγειν
2632 1768 2668 1842 3

506 1902 574 1942 τι
617 1876 928 1961 βούλεται
972 1878 1222 1965 μεγάλῃ
1269 1882 1352 1965 τῇ
1397 1881 1592 1967 φωνῇ
1633 1883 1902 1964 βραχεῖς
1943 1901 2133 1954 τινας
2164 1876 2397 1962 λόγους
2427 1871 2746 1968 ἇναλέ-Θῖῖ
2817 1931 2818 1940 ,

507 2002 641 2063 γων
685 1982 794 2047 καὶ
844 1979 1276 2064 συλλαβίζων,
1326 1973 1452 2069 ἀφ’·
1504 1973 1599 2045 ὦν
1646 1972 1905 2065 ἇθρόος
1947 1979 2069 2062 μὲν
2115 1979 2392 2058 ἔπαινος
2436 1969 2478 2068 ἢ
2526 1980 2664 2065 κρό-

506 2103 624 2157 τος
668 2079 882 2158 πολὺς
926 2078 1043 2149 οῦκ
1089 2071 1170 2148 ὃν
1217 2075 1667 2170 ἀπαντήσειεν
1711 2075 1927 2168 αύτῷ,
1985 2082 2312 2165 μειδίαμα
2359 2083 2431 2149 δὲ
2472 2081 2662 2168 παρὰ

508 2185 641 2249 τῶν
701 2176 1078 2251 ἀκουόντων
1137 2185 1249 2250 καὶ
1308 2183 1382 2251 τὸ
1446 2183 1787 2251 ἐπισεῖσαι
1851 2181 1972 2272 τὴν
2031 2197 2224 2271 χεῖρα
2292 2183 2477 2263 ἐντὸς
2538 2188 2665 2252 τῶν

511 2278 685 2371 ὅρων
729 2288 840 2353 καὶ
885 2285 1089 2371 μικρὰ
1122 2285 1474 2354 ἐπινεῦσαι
1500 2290 1586 2377 τῇ
1614 2288 1877 2375 κεφαλῇ
1918 2289 2029 2354 καὶ
2063 2286 2500 2367 ἐπιστενάξαι
2529 2300 2665 2364 τοῖς

510 2389 907 2474 λεγομένοις.
995 2388 1320 2457 τοιούτων
1362 2383 1634 2477 ἠράσθη
1680 2384 1716 2454 ό
1763 2402 2066 2475 γενναῖος
2118 2389 2281 2475 ἐμοῦ
2324 2415 2665 2478 καταφρο-

509 2489 734 2579 νήσας.
826 2493 997 2578 φασὶ
1046 2491 1119 2558 δὲ
1166 2488 1366 2559 αὐτὸν
1409 2492 1579 2580 μηδὲ
1637 2490 1813 2576 πρὸς
1868 2489 1989 2558 τὸν
2046 2484 2376 2577 ἐρώμενον
2433 2495 2664 2558 τοῦτον

511 2588 773 2681 εἰρήνην
835 2588 1051 2679 ἄγειν,
1113 2586 1282 2659 ἀλλὰ
1340 2592 1425 2661 τὰ
1484 2594 1690 2678 ὅμοια
1746 2596 1856 2661 καὶ
1917 2594 2014 2672 εἷς
2067 2592 2314 2661 ἐκεῖνον
2357 2589 2661 2680 ὑβρίζειν.

402 2701 477 2758 29
514 2700 616 2761 29.
650 2699 799 2774 πῶς
829 2681 944 2762 οῦν
976 2688 1092 2763 οὑκ
1124 2690 1482 2783 ἀχάριστος
1516 2690 1711 2773 οῦτος
1738 2699 1852 2763 καὶ
1882 2695 2109 2779 ἔνοχος
2135 2711 2280 2775 τοῖς
2308 2699 2425 2785 τῆς
2453 2695 2740 2763 zanab-825

508 2821 675 2875 σεως
721 2796 972 2882 νόμοις,
1020 2796 1095 2875 ὃς
1138 2796 1260 2886 τὴν
1303 2798 1424 2881 μὲν
1472 2796 1656 2885 νόμῳ
1699 2798 2008 2887 γαμετήν,
2054 2791 2224 2884 παρ’
2262 2791 2342 2885 ἧς
2370 2809 2663 2866 τοσαῦτα

506 2900 743 2986 ε’ίληφε
787 2903 899 2967 καὶ
946 2893 1039 2966 δι’
1091 2898 1172 2986 ἣν
1219 2898 1487 2978 ἔνδοξός
1531 2899 1731 2981 ἐστιν,
1785 2895 2000 2978 οὕτως
2046 2894 2303 2984 ἀτίμως
2349 2893 2659 2983 ἀπέλιπε,

505 3004 753 3068 καινῶν
799 3002 871 3068 δὲ
916 2994 1182 3090 ὠρέχθη
1229 3001 1661 3089 πραγμάτων,
1713 3006 1827 3071 καὶ
1870 3006 2084 3070 ταῦτα
2129 3006 2242 3071 νῦν
2287 2998 2502 3070 ὁπότε
2543 3003 2661 3088 μό·-

507 3130 622 3191 νην
668 3102 781 3187 ἐμὲ
827 3103 1256 3188 θαυμάζουσι
1296 3107 1407 3171 καὶ
1470 3103 1965 3191 ἐπιγράφονται
1991 3142 1994 3143 ⁷
2025 3097 2320 3183 ἅπαντες
2363 3104 2659 3191 προστά-

505 3231 610 3272 τιν
657 3204 907 3273 ἑαυτῶν
921 3235 943 3289 ‚·
1001 3200 1151 3272 ἄλλ’
1216 3205 1340 3294 ἐγώ
1403 3206 1525 3289 μὲν
1571 3201 1821 3289 ἀντέχω
1866 3206 2204 3274 τοσούτων
2260 3206 2658 3293 μνηστευόν-

505 3334 639 3375 των
683 3311 797 3376 καὶ
838 3308 1207 3376 κόπτουσιν
1255 3305 1484 3386 αὐτοῖς
1541 3306 1662 3393 τὴν
1718 3307 1939 3393 θύραν
1996 3310 2106 3375 καὶ
2160 3303 2455 3392 τοῦνομα
2512 3308 2659 3375 ἐπι-

502 3417 872 3497 βοωμένοις
914 3410 1166 3499 μεγάλῃ
1211 3414 1296 3499 τῇ
1341 3414 1537 3499 φωνῇ
1583 3406 1737 3478 οὔτε
1783 3403 2072 3496 ἀνοίγειν
2117 3405 2270 3476 οὔτε
2301 3406 2658 3478 ὑπακούειν

502 3513 866 3598 βούλομαι·
927 3508 1063 3599 ὃριῦ
1119 3512 1246 3599 γὰρ
1307 3506 1549 3590 αῦτοῦς
1603 3506 1794 3579 οῦδὲν
1851 3514 2059 3579 πλέον
2103 3514 2221 3597 τῆς
2263 3515 2430 3601 βοῆς
2473 3518 2658 3597 κομί-

507 3617 757 3697 ζοντας.
819 3609 1013 3692 οὗτος
1044 3615 1117 3681 δὲ
1148 3608 1294 3682 οὐδ’
1345 3614 1558 3692 οὕτως
1588 3613 2071 3703 ἐπιστρέφεται
2101 3612 2276 3700 πρὸς
2307 3612 2441 3697 ἐμέ,
2490 3607 2655 3679 ἀλλὰ

505 3717 681 3803 πρὸς
735 3715 852 3783 τὸν
909 3717 1236 3806 ἐρώμενον
1286 3717 1559 3801 βλέπει,
1625 3723 1723 3799 τί,
1783 3702 1837 3782 ιις
1894 3722 2090 3798 θεοί,
2143 3712 2429 3802 χρηστὸν
2484 3705 2648 3797 παρ’

509 3813 712 3886 αὑτοῦ
766 3818 1118 3906 λήψεσθαι
1168 3817 1595 3904 προσδοκῶν,
1658 3816 1734 3886 ὃν
1793 3815 1934 3885 οἶδε
1986 3821 2107 3885 τοῦ
2162 3822 2488 3906 τρίβωνος
2542 3808 2652 3883 οῦ-

509 3922 619 3988 δὲν
663 3921 870 3988 πλέον
918 3920 1184 4003 ἔχοντας
1238 3920 1499 4009 ε’ίρηκα,
1560 3904 1613 3985 ὦ
1657 3915 1891 4006 ἄνδρες
1938 3923 2284 4002 δικασταί,
2329 3915 2516 4003 ὑμεῖς
2561 3918 2649 3998 δέ,

507 4013 582 4111 ἢν
630 4021 697 4100 ἐς
741 4021 857 4088 τὸν
920 4020 1080 4105 ἐμὸν
1136 4016 1391 4108 τρόπον
1449 4025 1583 4089 τιῦν
1641 4016 1852 4109 λόγων
1913 4016 2411 4109 ἀπολογεῖσθαι
2463 4022 2648 4107 θέλῃ,

2815 1753 2818 1884 1

2811 2247 2816 2391 ι
