2867 4525
466 301 591 360 228
1195 298 1481 353 comeum
1517 297 1889 353 LEGTIONES.

677 479 783 539 σοί
823 471 842 556 ΙΙ
887 488 943 537 σ.
989 495 1045 537 α.
1080 471 1134 535 Ἃ
1180 505 1265 518 -
1303 474 1754 558 προαιρέσεως
1797 469 1819 556 Ι
1857 491 1972 534 om.
2017 494 2146 551 προ
2177 470 2231 534 Ἃ
2271 504 2359 515 ·-
2404 474 2646 534 αἰδεσί-

674 599 841 654 μους
882 572 903 659 Ι
947 570 1216 652 σιμνοὺς
1258 574 1312 638 Ἃ
1357 608 1441 621 —
1499 582 1651 654 φοβ.
1710 571 1730 655 ΙΙ
1781 579 1899 637 καὶ
1955 580 2102 653 φοβ.
2152 573 2206 637 Ἃ
2252 607 2333 619 -
2379 575 2473 637 ἔτι
2514 566 2537 656 Ι
2592 597 2645 636 ε.

677 682 755 743 δὲ
800 676 854 741 Ἃ
897 710 981 724 ·-
1026 667 1143 758 ἤδη
1184 674 1205 760 ΙΙ
1249 696 1363 739 om.
1408 677 1463 741 Ἃ
1509 711 1584 722 -
1635 681 1744 741 καὶ
1795 677 1854 758 ῥ.
1907 671 1929 760 Ι
1981 682 2192 741 καίτοι
2249 671 2478 756 ῥοίδιον
2520 671 2649 739 ἋΓ

678 814 762 827 -
808 775 1207 862 συντρόφων
1254 777 1274 862 ΙΙ
1315 783 1371 858 ξ.
1411 779 1466 843 Ἃ
1509 813 1594 825 -
1636 783 2024 859 καθέζεσθαι
2065 776 2086 861 fl
2127 776 2355 859 καθιζ.
2401 823 2416 839 .
2462 776 2516 841 Ἃ
2547 809 2650 823 —

680 884 780 948 ἐπὶ
823 908 879 947 τ.
924 890 1020 948 κλ.
1071 880 1109 946 ὃ
1151 891 1267 947 Ευ.
1312 878 1332 965 Ι
1375 879 1413 946 ὃ
1457 891 1574 947 Ευ.
1627 883 1723 946 ἐπ.
1766 907 1820 947 τ.
1869 889 1970 946 κλ.
2015 880 2069 944 Ἃ
2109 914 2198 926 -
2238 887 2353 962 τῆς
2407 884 2649 962 κλίνης

680 982 697 1068 fl
736 991 816 1066 τῇ
870 991 1059 1065 κλίνῃ
1102 979 1227 1045 ΩΓ
1270 1019 1357 1030 -
1400 984 1738 1049 ἐπένευσεν
1780 981 1801 1068 Ι
1857 984 2146 1048 ἐκέλευεν
2188 978 2381 1043 ΩΓΦ
2424 1017 2508 1029 -
2557 983 2648 1061 ἐς

676 1085 753 1152 τὸ
811 1085 958 1152 οἶσθ.
1004 1083 1024 1169 ΙΙ
1068 1091 1155 1164 εἰς
1199 1086 1253 1150 Ἃ
1295 1121 1381 1134 —
1428 1083 1643 1152 εἰσιὼν
1686 1083 1707 1170 Ι
1749 1081 1941 1152 ἐσιών
1985 1085 2039 1150 Ἃ
2087 1119 2162 1132 -
2208 1093 2345 1150 τῶν
2403 1089 2648 1150 ποδῶν

680 1187 887 1254 αὐτοῦ
929 1186 950 1271 Ι
990 1204 1129 1266 τοῖς
1187 1194 1424 1255 ποδοῖν
1481 1187 1712 1255 αὐτοῖν
1754 1190 1808 1254 Ἃ
1851 1203 1997 1254 τοῖν
2046 1193 2281 1254 ποδοῖν
2326 1185 2532 1253 αὐτοῦ
2594 1183 2646 1247 Γ

684 1288 936 1373 συνήθη
980 1288 1000 1373 ΙΙ
1042 1296 1081 1370 ξ
1123 1291 1177 1355 Ἃ
1221 1327 1303 1338 -—
1349 1289 1748 1375 ἐκαθεζόμην
1790 1289 1811 1373 ΙΙ
1854 1291 1988 1354 add.
2034 1285 2154 1357 οὖν
2197 1291 2251 1355 Ἃ
2295 1325 2379 1338 —-

468 1421 520 1454 u.
592 1402 644 1454 's'-
680 1399 741 1460 οὶ
783 1397 901 1473 μὲν
944 1390 965 1477 Ι
1008 1413 1125 1457 om.
1166 1398 1283 1473 μὲν
1329 1394 1383 1459 Ἃ
1423 1427 1511 1440 —
1555 1392 1627 1478 δὴ
1736 1398 1802 1460 δὲ
1847 1394 1901 1459 Ἃ
1930 1428 2014 1441 -
2044 1386 2159 1477 ἤδη
2203 1399 2348 1477 περὶ
2391 1391 2409 1473 ΙΙ
2451 1393 2646 1471 οἶμαι

676 1495 840 1580 ὑπὲρ
886 1497 939 1561 Ἃ
984 1533 1067 1544 ·—-
1112 1490 1228 1580 ἤδη
1286 1493 1742 1582 προειρηκότες
1783 1495 1805 1582 Ι
1845 1489 1962 1580 ἤδη
2021 1494 2287 1562 πολλὰ
2335 1519 2646 1579 προειρη-

680 1596 903 1678 κόντες
950 1599 1001 1664 Ἃ
1045 1633 1129 1646 -
1173 1603 1269 1664 ἔτι
1328 1604 1395 1665 δὲ
1435 1597 1458 1682 Ι
1499 1619 1613 1662 om.
1660 1600 1714 1664 Ἃ
1770 1635 1853 1647 ——
1909 1605 2019 1664 καὶ
2059 1595 2081 1684 Ι
2124 1619 2239 1662 om.
2283 1595 2354 1660 Ω
2398 1632 2480 1643 —
2517 1621 2644 1678 χα-

676 1699 883 1782 μόθεν
905 1699 1274 1787 Ιχαμάθενῖ
1304 1698 1357 1763 Γ
1390 1738 1468 1748 ——
1502 1699 1681 1769 οὕτω
1709 1699 1730 1786 fl
1757 1699 1969 1780 οὕτως
1992 1701 2046 1766 Ἃ
2075 1735 2160 1748 -
2191 1701 2644 1785 ἀποδαρέντος

676 1802 695 1886 Ι]
750 1803 1077 1886 ἅποδαρὲν
1123 1805 1177 1869 Ἃ
1221 1840 1306 1853 -
1364 1801 1700 1888 περιάψειε
1753 1802 1773 1888 ΙΙ
1828 1801 2248 1889 περιρράψειε
2291 1804 2345 1868 Ἃ
2389 1838 2472 1850 -
2517 1809 2644 1882 εἰς

680 1904 2433 1991 λ.11ἐςἋ-καὶὸλ.ΙὸδὲἋ--αὶτρ.Ιοω.
2481 1907 2643 1971 αῑἋ

680 2013 742 2074 αἱ
785 2013 846 2071 in
891 2029 1009 2072 ras.
1048 2006 1101 2071 Γ
1146 2045 1228 2056 -
1270 2008 1505 2090 μεγάλ’
1548 2008 1632 2076 ἂν
1678 2007 1989 2077 δυ’ναιντο
2033 2009 2053 2094 fl
2091 2007 2335 2091 μεγάλα
2379 2007 2462 2076 ἂν
2507 2005 2641 2073 ἋΩ

676 2109 918 2193 μεγάλα
977 2108 1288 2179 δι’νανται
1345 2112 1399 2177 Ἃ
1454 2111 1698 2193 μεγάλα
1756 2109 2066 2179 δυ’ναιντο
2126 2108 2245 2174 ΓΦ
2302 2147 2386 2159 -
2443 2113 2640 2191 ἐπαγ-

676 2218 964 2294 γέλλεται
1003 2211 1026 2296 Ι
1068 2212 1337 2281 δυ’ναται
1381 2214 1435 2279 Ἃ
1479 2211 1645 2299 -ἥ
1695 2214 1762 2282 δ’
1817 2213 1889 2295 ὃς
1934 2213 1960 2281 c‘
2013 2224 2127 2283 Κλ.
2171 2212 2192 2298 fl
2233 2212 2270 2281 ὁ
2316 2223 2431 2282 Κλ.
2476 2209 2515 2298 ἦ
2564 2212 2638 2279 δ’

680 2314 751 2394 ὃς
794 2315 850 2379 Ἃ
894 2350 976 2364 —-
1036 2318 1443 2398 ἐγίγνωσκον
1496 2315 1517 2402 Ι
1571 2343 1734 2399 γινω
1779 2315 1972 2383 ΩἋΦ
2020 2351 2095 2362 -
2137 2341 2240 2401 χρ.
2297 2313 2377 2402 τὸ
2432 2319 2636 2400 δέρμα

680 2418 841 2484 εἶναι
882 2417 903 2503 ΙΙ
939 2445 1041 2502 χρ.
1089 2417 1215 2485 διὰ
1260 2446 1316 2485 τ.
1364 2426 1419 2486 δ.
1466 2445 1513 2486 ε.
1558 2418 1683 2484 ΦΓ
1724 2456 1808 2468 -
1853 2418 2058 2502 σοφὸς
2101 2417 2121 2502 ΙΙ
2163 2440 2278 2483 om.
2325 2420 2380 2484 Ἃ
2420 2452 2510 2467 -

468 2542 516 2582 α.
592 2526 648 2582 Ξ.
680 2523 956 2607 ἐπῳδαῖς
998 2523 1018 2607 ΙΙ
1061 2524 1391 2602 ἐπαοιδαῖς
1420 2519 1545 2586 ΩΓ
1572 2559 1658 2571 —-
1697 2528 1893 2590 ἔνδον
1938 2530 2140 2607 διατρ.
2183 2518 2207 2605 Ι
2245 2528 2449 2606 διατρ.
2498 2518 2633 2588 ἔνδ.

680 2622 730 2688 Ἃ
775 2659 857 2671 -
899 2649 1029 2710 μου
1072 2623 1093 2710 Ι
1132 2646 1250 2689 om.
1280 2625 1334 2690 Ἃ
1377 2663 1463 2675 -
1509 2629 1643 2692 ἐπεὶ
1683 2624 1704 2709 ΙΙ
1749 2632 1806 2691 εἰ
1832 2626 1887 2691 Ἃ
1929 2659 2013 2672 -
2059 2624 2142 2693 ἂν
2186 2624 2398 2703 ου’δεὶς
2428 2622 2454 2709 ΙΙ
2488 2623 2632 2691 οὐδ.

676 2724 758 2792 ἂν
791 2725 842 2790 Ἃ
888 2763 971 2774 -
1014 2736 1290 2812 φρονῶν
1332 2725 1352 2811 ss
1397 2724 1469 2794 εὖ
1498 2752 1604 2810 φρ.
1640 2728 1694 2792 Ἃ
1724 2764 1808 2776 -
1838 2726 1984 2809 οὐχὶ
2025 2725 2045 2810 ΙΙ
2088 2726 2210 2810 ου’χ
2237 2728 2291 2792 Ἃ
2320 2761 2406 2774 -
2436 2727 2634 2793 οἴνου

676 2825 2637 2914 Ιοῑιι.Ἃ-τεΙΙκαὶἋ-λέγ.ἔφη11ἔφηλ.Ἃ-ἐκ

676 2938 824 2997 τῶν
852 2957 906 2998 τ.
942 2931 962 3016 ΙΙ
993 2953 1107 2995 om.
1138 2940 1274 2999 τῶν
1298 2934 1352 2998 Ἃ
1372 2968 1461 2979 -
1481 2940 1814 3014 γίγνεσθαι
1845 2933 1869 3015 fl
1900 2940 2192 3014 γίνεσθαι
2212 2933 2266 2997 Ἃ
2287 2924 2636 3012 -Ἕμοιγε

680 3079 692 3095 .
734 3084 749 3098 .
800 3084 816 3099 .
863 3084 878 3098 .
928 3033 1258 3117 νοσήματα
1363 3055 1478 3097 om.
1525 3036 1579 3100 Ἃ
1633 3068 1709 3081 -
1769 3032 1887 3118 τὴν
1944 3060 1998 3120 ρ.
2061 3060 2202 3120 κορ.
2244 3033 2267 3119 Ι
2307 3059 2447 3119 κορ.
2513 3031 2636 3116 τὴν

680 3134 730 3213 ὁ.
793 3128 969 3196 ΩἋΓ
1032 3169 1106 3180 -
1165 3132 1243 3199 τό
1302 3135 1367 3200 δ’
1424 3135 1445 3219 Ι]
1502 3143 1568 3202 τί
1622 3135 1694 3203 δ’
1736 3139 2020 3219 Νεμείου
2060 3135 2082 3220 Ι
2123 3188 2137 3204 .
2190 3182 2205 3197 .
2249 3140 2346 3214 μέ.
2395 3137 2449 3201 Ἃ
2507 3154 2637 3201 ασυ

680 3235 736 3295 in
777 3232 990 3297 128.sp
1034 3270 1117 3279 —
1162 3235 1390 3319 ἐνδήσῃ
1432 3233 1456 3323 Ι
1499 3282 1514 3299 .
1562 3285 1576 3300 .
1622 3291 1636 3305 .
1688 3235 1822 3304 ειΓ
1865 3275 1950 3286 —-
1993 3265 2090 3317 τις
2131 3237 2152 3324 Ι
2195 3240 2396 3304 omit
2436 3241 2639 3317 τιςίιι

672 3354 791 3399 rae.
837 3332 888 3395 Γ
934 3372 1017 3384 --
1058 3362 1204 3419 μυγ.
1250 3336 1349 3405 ὅλ.
1397 3337 1417 3422 ΙΙ
1460 3336 1558 3405 ὅλ.
1603 3366 1746 3421 μυγ.
1782 3338 1853 3402 Ω
1896 3376 1980 3388 -
2022 3340 2142 3408 τὸν
2185 3350 2244 3407 λ.
2351 3358 2468 3403 om.
2513 3338 2636 3407 τὸν

674 3434 866 3503 ΩἋΦ
911 3476 996 3488 -
1040 3447 1136 3527 τῷ
1175 3437 1197 3525 Ι
1238 3462 1353 3505 om.
1399 3438 1471 3503 Ω
1519 3477 1596 3487 -
1644 3442 1853 3510 αὑτοῦ·
1890 3443 1911 3528 fl
1954 3443 2163 3511 αὐτοῦ
2209 3444 2260 3509 Ἃ
2303 3478 2388 3490 -

464 3563 512 3603 ε.
588 3551 642 3603 ss.
676 3540 915 3622 ω’φελεῖ
951 3540 972 3627 Ι
1012 3541 1261 3622 ὁμιλεῖν
1291 3540 1362 3605 Ω
1406 3543 1654 3623 ὁμιλεῖν
1684 3543 1735 3607 Γ
1779 3582 1864 3594 -
1907 3555 2018 3612 καί
2048 3572 2161 3625 μοι
2203 3546 2223 3630 ΙΙ
2265 3546 2461 3625 κᾶμοι
2492 3542 2636 3608 ΩΦ

672 3677 758 3691 -—
798 3642 904 3711 ὃπ.
954 3651 1064 3711 καὶ
1102 3643 1123 3729 ΙΙ
1167 3667 1294 3709 om.
1339 3652 1452 3712 καὶ
1490 3647 1545 3711 Ἃ
1574 3681 1657 3694 -
1699 3656 1890 3730 γρᾶες
1933 3646 1953 3732 ΙΙ
1993 3664 2210 3733 γραῖαι
2239 3649 2293 3714 Ἃ
2339 3683 2422 3694 -
2469 3653 2530 3713 εἰ
2566 3652 2636 3714 δὲ

672 3743 692 3827 ΙΙ
734 3744 799 3810 δ’
846 3747 899 3812 Ἃ
942 3782 1027 3793 -
1086 3755 1366 3829 γίγνεται
1410 3746 1431 3834 Ι]
1472 3774 1592 3829 γιν.
1639 3801 1654 3815 .
1706 3750 1760 3814 Ἃ
1816 3786 1897 3798 -
1955 3748 2212 3818 ἅπαντα
2257 3749 2277 3834 ΙΙ
2318 3747 2537 3818 πάντα
2582 3751 2636 3815 Ἃ

672 3879 759 3892 -
809 3854 873 3912 τί
912 3845 933 3931 ΙΙ
974 3846 1078 3914 ὅτι
1119 3847 1241 3911 ΓΦ
1286 3885 1371 3897 -
1415 3847 1600 3933 οἰήσῃ
1644 3851 1664 3936 [Ι
1707 3898 1722 3913 .
1767 3904 1781 3918 .
1833 3879 1855 3917 ι
1898 3850 1950 3913 Γ
1993 3890 2080 3901 -
2122 3861 2328 3920 ταῦτα
2372 3851 2634 3937 'varst’

676 3946 729 4010 Ἃ
770 3980 856 3993 —-
898 3973 1060 4029 γιγν.
1102 3948 1123 4035 fl
1164 3977 1268 4032 γιν
1298 3953 1352 4017 Ἃ
1394 3988 1481 4000 —-
1525 3958 1922 4038 ξυμπεραίνῃ
1955 3952 1980 4039 ΙΙ
2013 3959 2099 4019 sie
2140 3958 2202 4017 in
2245 3975 2437 4035 marg.
2482 3976 2563 4017 m.
2602 3960 2628 4015 1

680 4043 724 4107 Γ
783 4045 863 4112 σὺ
920 4069 1251 4135 παραινεῖς
1308 4050 1428 4115 ΓΦ
1485 4089 1568 4101 --
1624 4053 1726 4141 ἢν.
1788 4054 1875 4139 μὴ
1933 4082 1996 4123 π.
2133 4077 2246 4119 om.
2303 4054 2388 4139 μὴ
2448 4056 2506 4121 Ἃ
2551 4093 2634 4104 -
