2867 4525
941 239 1114 291 ΠΡΟΣ
1148 237 1280 291 ΤΟΝ
1315 238 1751 292 ΔΠΑΙΔΕΥΤΟΝ.
2299 236 2419 293 127

245 405 663 492 μισούμενος
707 412 993 494 προσέτι
1040 405 1151 475 διὰ
1195 406 1317 495 τὴν
1363 402 1635 491 ἄτεχνόν
1679 429 1800 474 σου
1830 407 2075 496 ταύτην
2122 405 2255 494 [καὶ
2299 430 2424 472 πε-

244 507 507 597 ριττὴν]
552 507 841 598 τρυφήν·
903 511 1061 595 περὶ
1106 508 1292 577 πόδα
1336 508 1415 596 δή
1472 534 1582 578 σοι
1635 513 1749 578 καὶ
1796 504 2167 597 Εὐάγγελος
2211 500 2424 589 οὗτος,

244 604 421 694 παρ’
494 604 656 678 ὅσον
713 616 823 678 σοί
879 636 955 698 γε
1007 604 1152 678 οὐδ’
1217 605 1446 698 ὀλίγον
1506 613 1698 696 μέλει
1756 615 1875 679 τοῦ
1938 614 2228 698 γέλωτος
2292 613 2427 675 τῶν

244 716 544 779 θεατῶν.
652 720 751 779 11.
821 706 938 780 οὑκ
995 707 1271 800 ἄκαιρον
1340 707 1404 780 δ’
1482 703 1563 781 ἂν
1626 718 1885 801 γένοιτο
1951 716 2063 780 καὶ
2118 717 2425 796 Λέσβιον
2457 730 2523 782 11

244 814 481 899 μῦθόν
536 840 690 881 τινα
749 814 1211 904 διηγήσασθαί
1267 838 1378 882 σοι
1431 815 1651 884 πάλαι
1693 816 2066 902 γενόμενον.
2156 807 2270 882 ὅτε
2313 812 2430 881 τόν

237 910 503 1006 Ὀρφέα
536 916 996 985 διεσπάσαντο
1040 917 1112 984 αἱ
1147 921 1467 1007 Θρᾷτται,
1516 920 1691 1006 φασὶ
1719 915 1839 1006 τὴν
1882 916 2180 1007 κεφαλὴν
2228 912 2433 983 αὐτοῦ

249 1019 377 1086 σὺν
424 1022 505 1108 τῇ
552 1019 719 1107 λύρᾳ
763 1018 832 1097 ἐς
873 1017 991 1085 τὸν
1005 1011 1242 1105 Ἕβρον
1274 1018 1703 1104 ἐμπεσοῦσαν
1748 1020 2161 1107 ἐκβληθῆναι
2205 1017 2270 1095 ἐς
2318 1016 2430 1083 stus

246 1122 512 1205 μέλανα
569 1121 856 1201 κόλπον,
914 1122 1027 1187 καὶ
1084 1121 1399 1190 ἐπιπλεῖν
1455 1147 1529 1209 γε
1584 1122 1705 1213 τὴν
1756 1121 2055 1211 κεφαλὴν
2098 1124 2181 1211 τῇ
2242 1123 2422 1207 λίρῃ.

250 1223 385 1308 τὴν
426 1222 548 1307 μὲν
592 1217 887 1312 ᾄδουσαν
932 1223 1188 1311 θρῆνόν
1231 1250 1384 1291 τινα
1429 1223 1544 1293 ἐπὶ
1591 1229 1690 1313 τῷ
1719 1219 2011 1314 Ὀρφείῳ
2054 1222 2262 1311 μόρῳ,
2314 1223 2426 1307 τζν

274 1323 486 1411 λύραν
542 1325 614 1391 δὲ
673 1319 877 1415 αὐτὴν
928 1322 1205 1415 ὑπηχεῖν
1256 1330 1390 1394 τῶν
1444 1321 1708 1411 άνέμων
1763 1324 2238 1412 ἐμπιπτόντων
2286 1339 2430 1399 ταῖς

133 1450 231 1501 110
259 1427 543 1515 χορδαῖς
555 1479 573 1509 ,
631 1429 743 1494 καὶ
788 1422 963 1494 οὕτω
1006 1424 1156 1513 μετ’
1220 1424 1396 1518 ᾠδῆς
1452 1431 1987 1516 προσενεχθῆναι
2025 1430 2111 1515 τῇ
2154 1431 2430 1511 Λέῑῃϊψ.

255 1523 608 1607 κάκείνους
636 1523 1073 1614 ἀνελομένους
1099 1530 1220 1621 τὴν
1249 1532 1370 1616 μὲν
1400 1530 1694 1620 κεφαλὴν
1723 1529 2152 1616 καταθάψαι,
2185 1530 2430 1611 ἵναπερ

251 1635 375 1699 νῦν
417 1630 494 1698 τὸ
541 1638 864 1715 Βακχεῖον
909 1626 1138 1711 αὑτοῖς
1185 1631 1356 1714 ἐστι,
1412 1632 1535 1721 τὴν
1589 1633 1817 1718 λύραν’
1840 1633 1911 1699 δὲ
1959 1627 2314 1700 ἀναθεῖναι
2366 1631 2430 1707 ἐς

251 1732 335 1800 τὸ
384 1737 506 1800 τοῦ
527 1727 964 1813 ’Λπόλλωνος
998 1734 1178 1821 ἱερὸν
1207 1737 1320 1801 καὶ
1359 1733 1476 1803 ἐπὶ
1507 1732 1683 1801 πολύ
1713 1758 1788 1820 γε
1819 1732 2164 1815 σώζεσθαι
2210 1727 2426 1819 ετξ-τῆν.

257 1840 365 1901 12.
415 1833 633 1923 χρόνῳ
688 1836 760 1902 δὲ
820 1836 1098 1925 ὕστερον
1152 1841 1473 1904 Νέανθον
1537 1833 1655 1904 τὸν
1718 1839 1839 1903 τοῦ
1894 1838 2238 1904 Πιττακοῦ
2302 1847 2422 1903 τοῦ
2462 1854 2530 1903 12

250 1936 582 2020 τυράννου
627 1942 839 2005 ταῦτα
892 1934 1066 2025 ὑπὲρ
1110 1942 1228 2028 τῆς
1284 1938 1487 2025 λύρας
1540 1937 2085 2023 πυνθανόμενον,
2150 1934 2242 2017 ὥς
2286 1939 2430 2023 32:15-

256 2040 365 2107 λει
409 2039 533 2123 μὲν
577 2042 690 2107 καὶ
734 2045 953 2129 θηρία
995 2044 1107 2109 καὶ
1153 2040 1330 2129 φυτὰ
1374 2044 1486 2109 καὶ
1534 2043 1791 2123 λίθους,
1839 2039 2161 2127 ἐμελῴδει
2207 2042 2278 2107 δὲ
2326 2043 2434 2103 καὶ

253 2140 432 2226 μετὰ
488 2140 607 2230 τὴν
658 2137 958 2230 Ὀρφέως
1016 2142 1369 2231 συμφορὰν
1435 2141 1719 2231 μηδενὸς
1773 2138 2159 2226 ἁπτομένου
2173 2194 2192 2224 ,
2262 2143 2430 2224 πρὲις,-

261 2242 485 2329 ἔρωτα
527 2247 648 2311 τοῦ
691 2243 1025 2334 κτήματος
1056 2243 1372 2330 ἐμπεσεῖν
1401 2248 1517 2314 καὶ
1548 2246 2046 2335 διαφθείραντα
2088 2242 2208 2312 τὸν
2254 2247 2430 2327 ἱερέα

259 2344 581 2432 μεγάλοις
627 2346 927 2437 χρήμασι
970 2362 1210 2416 πεῖσαι
1260 2345 1612 2416 ὑποθέντα
1667 2348 1897 2436 ἑτέραν
1943 2343 2186 2433 ὁμοίαν
2230 2347 2430 2431 λέξων

264 2448 503 2515 δοῦναι
549 2442 728 2536 αὐτῷ
786 2448 906 2535 τῆν
949 2454 1070 2518 τοῦ
1106 2448 1434 2538 Ὀρφέως·
1496 2450 1788 2535 λαβόντα
1847 2450 1919 2518 δὲ
1970 2443 2133 2533 μεθ’
2183 2445 2434 2536 ἡμέραν

261 2551 392 2634 μὲν
459 2549 528 2616 ἐν
591 2553 676 2638 τῇ
732 2551 935 2620 πόλει
994 2555 1300 2640 χρῆσθαι
1364 2549 1483 2618 οὒκ
1548 2546 1851 2639 ἀσφαλὲς
1906 2552 2184 2619 οἴεσθαι
2242 2547 2430 2631 εἶναι,

265 2651 523 2740 νύκτωρ
591 2652 662 2719 δὲ
732 2651 865 2720 ὑπὸ
933 2653 1189 2721 κόλπου
1257 2654 1490 2736 ’έχοντα
1545 2653 1751 2737 μόνον
1803 2653 2172 2738 προελθεῖν
2230 2651 2294 2727 ἐς
2354 2651 2426 2715 τὸ

264 2752 680 2838 προάστειον
723 2759 836 2824 καὶ
882 2748 1478 2841 προχειρισάμενον
1514 2754 1775 2842 κρούειν
1817 2755 1930 2820 καὶ
1962 2756 2430 2840 συνταράττειν

265 2849 394 2935 τάς
447 2856 695 2941 χορδὰς
761 2851 1030 2940 ἄτεχνον
1093 2859 1204 2924 καὶ
1274 2850 1569 2939 ἄμουσον
1633 2862 2005 2935 νεανίσκον,
2078 2854 2434 2932 ἐλπίζοι-[π

267 2960 437 3047 μέλη
482 2958 634 3026 τινὰ
666 2962 1011 3026 θεσπέσια
1040 2954 1403 3048 ὑπηχήσειν
1432 2958 1552 3047 τὴν
1592 2958 1816 3044 λύραν,
1859 2951 1982 3046 ὑφ’
2035 2953 2128 3025 ὦν
2174 2956 2434 3032 πάντας

267 3060 717 3139 καταθέλξειν
758 3061 870 3126 καὶ
914 3060 1225 3150 κηλήσειν
1267 3064 1375 3129 καὶ
1419 3061 1749 3148 μακάριον
1793 3061 2081 3128 ε’σεσθαι
2121 3062 2434 3148 κληροιο-

159 3181 251 3232 111
273 3161 585 3247 μήσαντα
627 3164 746 3248 τῆς
766 3156 1068 3280 Ὀρφέως
1105 3167 1455 3251 μουσικῆς·
1500 3190 1652 3251 αχρι
1684 3163 1761 3250 δὴ
1796 3162 2238 3241 ξυνελθόντας
2282 3160 2434 3236 {uf-5

269 3263 474 3342 κύνας
518 3262 692 3349 πρὸς
734 3262 850 3330 τὸν
893 3249 1051 3353 ἦχον
1093 3305 1179 3314 -
1221 3266 1469 3333 πολλοὶ
1528 3267 1600 3333 δὲ
1641 3252 1813 3353 ἦσαν
1865 3258 2117 3332 αὑτόθι
2158 3303 2242 3312 —
2290 3268 2434 3328 [Tm—

273 3365 692 3432 σπάσασθαι
723 3360 944 3447 αὑτόν,
991 3390 1084 3443 ως
1112 3369 1310 3433 τοῦτο
1338 3369 1497 3452 γοῦν
1527 3391 1762 3451 ομοιον
1794 3392 1889 3453 τῳ
1917 3363 2152 3484 Ὀρφεῖ
2179 3372 2438 3431 παθεῑι

272 3469 390 3534 καὶ
431 3466 682 3552 μόνους
726 3461 836 3556 ἐφ’
889 3465 1127 3535 ἑαυτὸν
1158 3467 1549 3554 ξυγκαλέσαι
1582 3467 1740 3547 τούς
1768 3469 1992 3546 κύνας·
2039 3492 2282 3548 οτεπερ
2326 3470 2434 3532 asi

276 3573 675 3658 σαφέστατα
720 3564 929 3657 ωφθη
976 3565 1068 3648 ὥς
1112 3565 1227 3652 οὐχ
1271 3566 1310 3657 ἡ
1357 3569 1526 3656 λύρα
1567 3566 1607 3657 ἡ
1653 3571 1990 3656 θέλγουσα
2033 3565 2134 3658 ῆν,
2181 3562 2350 3633 ἀλλὰ
2398 3564 2434 3652 ij

273 3676 466 3762 τέχνη
511 3675 625 3739 καὶ
684 3668 723 3760 ἡ
781 3666 954 3760 ᾠδή,
1014 3671 1056 3738 ἃ
1107 3671 1283 3756 μόνα
1335 3669 1640 3757 ἐξαίρετα
1681 3697 1775 3757 τῳ
1815 3665 2051 3791 Ὀρφεῖ
2092 3672 2278 3757 παρὰ
2326 3676 2438 3756 τῆς

273 3772 530 3863 μητρὸς
560 3769 871 3862 ὑπῆρχεν.
944 3769 985 3864 ἡ
1017 3773 1183 3861 λύρα
1214 3773 1286 3840 δὲ
1321 3767 1542 3850 άλλως
1578 3777 1794 3860 κτῆμα
1820 3759 1901 3859 ἦν
1932 3767 2123 3841 οὐδὲν
2169 3800 2358 3856 αμεη
2370 3800 2438 3836 ον

275 3880 410 3944 τῶν
472 3871 694 3944 αλλων
748 3880 1109 3962 βαρβίτων.
1201 3880 1300 3942 13.
1344 3877 1459 3942 καὶ
1501 3880 1571 3941 τί
1628 3898 1736 3942 σοι
1788 3873 1907 3942 τὸν
1944 3871 2195 3963 Ὀρφέα
2242 3864 2278 3960 ᾖ
2330 3876 2438 3940 1113:
2474 3892 2543 3944 13

277 3982 606 4046 Νέανθον
653 3980 850 4064 λέγω,
910 3977 1088 4046 ὅπου
1139 3981 1251 4045 καὶ
1295 3971 1461 4044 καθ’
1523 3971 1700 4065 ἡμᾶς
1756 3970 1995 4055 αὑτοὺς
2039 3975 2290 4063 ἐγένετό
2338 4000 2438 4052 τις
