2867 4525
1098 267 1477 323 ΜΑΚΡΟΒΙΟΙ.
2256 270 2374 328 157

207 431 645 522 άνακείμενον
689 437 880 525 παρά
923 462 996 505 τε
1036 443 1340 524 Πέρσαις
1381 441 1496 507 καὶ
1525 438 1848 528 Πάρθοις
1889 442 2001 508 καὶ
2044 440 2380 526 Βάκτροις

203 542 325 607 καὶ
370 545 797 626 Χορασμίοις
850 541 963 606 καὶ
999 532 1295 622 Ἀρείοις
1336 544 1449 608 καὶ
1492 541 1741 622 Σάκαις
1795 545 1910 611 καὶ
1952 541 2226 630 Μήδοις
2266 545 2377 610 καὶ

204 640 402 728 παρὰ
456 642 741 719 πολλοῖς
798 636 1033 719 ἄλλοις
1086 642 1457 729 βαρβάροις
1522 642 1886 731 ἐρρωμένοι
1943 653 2018 710 τέ
2077 642 2212 712 εἰσι
2265 646 2379 712 καὶ

73 759 182 810 211
211 737 649 829 πολυχρόνιοι
695 742 808 811 διὰ
852 742 928 811 τὸ
973 743 1286 831 μαγεύειν
1321 744 1755 830 διαιτώμενοι
1796 748 1909 814 καὶ
1956 744 2147 814 αὐτοὶ
2192 738 2380 832 άκρι-

197 850 544 932 βέοτερον.
634 851 695 912 5.
739 839 864 935 ἤδη
907 846 979 912 δὲ
1020 849 1130 914 καὶ
1178 845 1345 936 ἔθνη
1392 839 1519 915 όλα
1561 847 2099 934 μακροβιώτατα,
2145 840 2375 932 ὥσπερ

201 951 431 1035 Σῆρας
457 947 578 1032 μὲν
611 947 959 1034 ἱστοροῦσι
986 954 1180 1039 μέχρι
1206 954 1610 1035 τριακοσίων
1646 948 1758 1036 ζῆν
1789 948 1971 1032 ἐτῶν,
2018 949 2085 1017 οἱ
2124 950 2246 1035 μὲν
2275 952 2373 1037 τῷ
2407 969 2447 1023 5

203 1155 480 1233 θέντες,
539 1152 609 1218 οἱ
667 1153 740 1219 δὲ
798 1156 910 1220 καὶ
966 1156 1049 1242 τῇ
1107 1153 1364 1241 διαίτῃ·
1430 1148 1832 1240 ὖδροποτεῖν
1890 1153 2017 1240 γάρ
2072 1176 2245 1242 φασι
2298 1151 2374 1220 τὸ

206 1252 416 1332 ἔθνος
442 1257 642 1320 τοῦτο
676 1253 968 1339 σύμπαν.
1042 1257 1152 1322 καὶ
1178 1249 1500 1335 Ἀθώτας
1531 1256 1602 1323 δὲ
1631 1261 1824 1342 μέχρι
1864 1255 2225 1342 τριάκοντα
2265 1260 2379 1323 καὶ

206 1353 448 1423 ἑκατὸν
491 1356 657 1423 ἐτῶν
698 1360 890 1441 βιοῦν
929 1357 1295 1445 ἱστόρηται,
1338 1357 1639 1436 καὶτοὺς
1672 1357 2065 1436 Χαλδαίους
2094 1353 2264 1444 ὑπὲρ
2294 1355 2380 1423 τὰ

207 1457 450 1526 ἑκατὸν
508 1456 620 1547 ἔτη
672 1462 865 1543 βιοῦν
918 1459 1138 1546 λόγος,
1194 1459 1472 1540 τούτους
1524 1461 1647 1546 μὲν
1704 1463 1817 1527 καὶ
1860 1465 2149 1548 κριθίνῳ
2194 1453 2378 1545 ἄρτῳ

202 1565 617 1647 χρωμένους,
677 1556 769 1639 ῶς
811 1558 1201 1647 ὀξυδορκίας
1250 1566 1450 1630 τοῦτο
1496 1562 1883 1652 φάρμακον·
1943 1559 2046 1639 οῖς
2089 1564 2164 1645 γέ
2208 1581 2383 1649 φασι

209 1663 329 1730 διὰ
372 1660 494 1751 τὴν
537 1662 853 1751 τοιαύτην
906 1663 1172 1732 δίαιταν
1214 1669 1328 1733 καὶ
1370 1663 1495 1743 τὰς
1547 1659 1753 1743 ἄλλας
1807 1656 2166 1751 αἰσθήσεις
2209 1657 2380 1748 ὑπὲρ

206 1763 369 1844 τοὺς
413 1759 657 1843 ἄλλους
702 1758 1111 1851 ἀνθρώπους
1157 1765 1532 1853 ἐρρωμένας
1577 1762 1769 1833 εἶναι.
1844 1770 1903 1832 6.
1950 1758 2122 1831 ἀλλὰ
2165 1765 2378 1831 ταῦτα
2412 1782 2450 1836 6

208 1867 334 1951 μὲν
376 1873 542 1952 περί
583 1891 657 1933 τε
698 1870 832 1934 τῶν
875 1873 1259 1955 μακροβίων
1304 1871 1510 1955 γενῶν
1553 1869 1667 1935 καὶ
1708 1870 1843 1934 τῶν
1888 1865 2134 1948 ἐθνῶν,
2183 1865 2380 1934 ἅτινά

211 1991 427 2057 φασιν
472 1964 567 2046 ῶς
612 1966 728 2035 ἐπὶ
772 1970 1092 2038 πλεῖστον
1140 1970 1608 2057 διαγίγνεσθαι
1658 1968 1931 2056 χρόνον,
1990 1969 2058 2037 οἱ
2099 1969 2222 2054 μὲν
2266 1965 2380 2036 διὰ

209 2070 335 2159 τὴν
376 2073 497 2160 γῆν
524 2068 785 2138 καὶτὸν
830 2066 1013 2159 άέρα,
1062 2072 1127 2138 οἱ
1173 2072 1246 2139 δὲ
1291 2070 1405 2140 διὰ
1435 2070 1556 2160 τὴν
1587 2073 1874 2154 δίαιταν,
1919 2071 1987 2138 οἱ
2019 2071 2093 2138 δὲ
2135 2074 2246 2139 καὶ
2279 2064 2373 2138 δι’

212 2168 445 2261 ἄμφω.
522 2169 647 2256 ἐγῶ
695 2165 761 2237 δ’
816 2168 896 2240 ἄν
942 2196 1054 2240 σοι
1086 2173 1361 2252 δικαίως
1403 2171 1524 2261 τὴν
1570 2172 1817 2241 ἐλπίδα
1862 2173 2113 2263 ῥᾳδίως
2155 2171 2381 2259 παρά-

99 2293 192 2344 212
215 2297 449 2358 σχοιμι
494 2275 855 2365 ἱστορήσας
897 2273 1004 2344 ὅτι
1047 2278 1159 2344 καὶ
1203 2275 1369 2343 κατὰ
1414 2280 1645 2344 πᾶσαν
1691 2274 1853 2366 [τὴν]
1897 2279 2016 2362 γῆν
2060 2277 2170 2342 καὶ
2212 2272 2382 2342 κατὰ

208 2377 443 2444 πάντα
475 2370 641 2462 άέρα
668 2377 1031 2463 μακρόβιοι
1058 2377 1407 2464 γεγόνασιν
1444 2373 1682 2465 ἄνδρες
1712 2379 1778 2447 οἱ
1805 2387 2198 2466 γυμνασίοις
2239 2390 2383 2455 τοῖς

208 2481 636 2570 προσήκουσι
699 2482 812 2547 καὶ
873 2480 1094 2567 διαίτῃ
1160 2483 1244 2568 τῇ
1310 2479 1825 2568 ἐπιτηδειοτάτῃ
1893 2479 2067 2567 πρὸς
2129 2476 2382 2567 ὗγίειαν

205 2582 563 2668 χρώμενοι.
631 2589 689 2648 7.
723 2582 1053 2668 διαίρεσιν
1085 2581 1158 2648 δὲ
1186 2584 1305 2649 τοῦ
1328 2580 1526 2667 λόγου
1556 2581 1936 2671 ποιήσομαι
1963 2581 2082 2668 τὴν
2112 2582 2385 2669 πρώτην
2423 2596 2452 2650 7

212 2685 385 2751 κατά
413 2710 489 2770 γε
516 2685 604 2750 τά
637 2684 1136 2773 ἐπιτηδεύματα
1166 2687 1299 2750 τῶν
1336 2677 1614 2770 ἀνδρῶν,
1659 2685 1773 2750 καὶ
1804 2682 2113 2771 πρώτους
2153 2687 2228 2769 γέ
2271 2705 2383 2751 σοι

211 2786 374 2865 τοὺς
426 2784 817 2872 βασιλικοὺς
867 2789 980 2853 καὶ
1034 2783 1508 2873 στρατηγικοὺς
1565 2780 1812 2871 ἄνδρας
1866 2783 2230 2872 ἱστορήσω,
2290 2777 2383 2852 ὦν

213 2886 331 2955 ένα
360 2890 477 2956 καὶ
506 2881 948 2976 εὐσεβεστάτη
979 2887 1269 2973 μεγάλου
1299 2884 1667 2954 θειοτάτου
1713 2880 2198 2972 αὐτοκράτορος
2225 2885 2381 2976 τύχη

213 2986 283 3067 ἐς
324 2988 450 3076 τὴν
492 2989 907 3076 τελεωτάτην
954 2984 1293 3076 ἀγαγοῦσα
1337 2988 1526 3067 τάξιν
1557 2983 1931 3077 ευεργέτηκε
1972 2986 2057 3054 τὰ
2099 2991 2382 3074 μέγιστα

210 3088 335 3176 τὴν
383 3089 772 3179 οἰκουμένην
816 3088 936 3180 τὴν
981 3089 1247 3157 εαυτοῦ·
1306 3081 1480 3156 ούτω
1521 3089 1648 3178 γὰρ
1707 3116 1789 3157 αν
1835 3087 2100 3159 άπιδων
2144 3093 2257 3158 καὶ
2303 3089 2382 3158 σὺ

212 3194 351 3258 τῶν
397 3198 783 3280 μακροβίων
814 3185 1071 3276 ἀνδρῶν
1115 3190 1290 3279 πρὸς
1318 3190 1397 3260 τὸ
1433 3185 1669 3278 όμοιον
1712 3195 1830 3279 τῆς
1875 3191 2071 3271 ἕξεως
2114 3196 2224 3262 καὶ
2267 3197 2386 3278 τῆς

210 3295 415 3383 τύχης
474 3292 899 3381 ετοιμότερον
958 3294 1307 3373 ἐλπίσειας
1355 3318 1562 3382 γηρας
1618 3289 1905 3380 ὑγιεινὸν
1963 3298 2073 3362 καὶ
2131 3294 2386 3380 μακρὸν

211 3398 327 3463 καὶ
376 3388 518 3481 ἷὶμα
576 3394 874 3483 ζηλώσας
918 3395 1233 3483 ἐργάσαιο
1280 3399 1508 3482 σαυτῷ
1548 3398 1634 3485 τῇ
1687 3395 1909 3483 διαίτῃ
1955 3396 2268 3483 μέγιστόν
2313 3420 2387 3463 τε

215 3489 360 3580 ἅμα
403 3499 515 3564 καὶ
560 3493 1016 3584 ὑγιεινότατον
1064 3503 1236 3584 βίον.
1327 3502 1385 3565 8.
1431 3500 1826 3583 Πομπίλιος
1868 3500 2149 3581 Νουμᾶς
2192 3492 2227 3564 ὃ
2277 3489 2383 3562 εύ-
2417 3518 2454 3572 s

215 3600 747 3684 δαιμονέστατος
788 3602 922 3666 τῶν
949 3595 1316 3685 ,(Ρωμαίων
1357 3601 1690 3684 βασιλέων
1733 3601 1846 3666 καὶ
1889 3598 2184 3682 μάλιστα
2227 3601 2386 3685 περὶ

212 3699 334 3789 τὴν
380 3705 769 3789 θεραπείαν
809 3704 944 3769 τῶν
987 3706 1173 3770 θεῶν
1204 3695 1609 3789 ἀσχοληθεὶς
1638 3696 1810 3785 ὑπὲρ
1853 3698 1938 3766 τὰ
1983 3692 2388 3786 ὀγδοήκοντα

110 3826 195 3876 213
218 3804 333 3893 ἔτη
377 3808 780 3890 βεβιωκέναι
823 3802 1188 3892 ἱστόρηται.
1264 3808 1544 3889 Σέρβιος
1590 3803 1662 3869 δὲ
1699 3800 2021 3881 Τούλλιος
2051 3798 2389 3888 Ῥωμαίων

210 3908 324 3975 καὶ
385 3901 584 3984 οὗτος
636 3903 954 3991 βασιλεὺς
1008 3903 1180 3991 ὑπὲρ
1238 3905 1323 3972 τὰ
1390 3900 1794 3995 ὀγδοήκοντα
1851 3902 1962 3994 ἔτη
2018 3909 2129 3974 καὶ
2190 3900 2390 3987 αὐτὸς

208 4010 464 4094 βιῶσαι
513 4007 886 4096 ἱστόρηται.
984 4013 1376 4095 Ταρκυίνιος
1419 4008 1494 4076 δὲ
1537 4004 1573 4075 ό
1630 4007 2013 4087 τελευταῖος
2050 4004 2389 4093 Ῥωμαίων
