2867 4525
1011 276 1161 329 ΠΕΡΙ
1196 276 1576 329 ΠΑΡΑΣΙΤΟΥ.
2300 275 2377 331 45

209 449 421 529 ζεται.
513 446 683 513 οὕτω
742 446 863 530 μὲν
908 441 942 513 ὅ
1004 446 1383 531 παράσιτος
1441 444 1555 512 διὰ
1615 446 2096 533 φιλοστοργίαν
2155 444 2380 512 πάντα

209 549 522 618 κίνδυνον
563 544 908 632 ὑπομένει,
954 552 1065 616 καὶ
1111 542 1228 615 οὐκ
1273 575 1353 614 αν
1397 546 1910 636 παραχωρήσειε
1944 550 2043 634 τῷ
2072 549 2380 635 πλουσίῳ

214 665 462 740 φαγεῖν
518 648 758 734 μόνον,
819 644 993 716 ἀλλὰ
1049 654 1160 718 καὶ
1224 646 1606 718 ἀποθανεῖν
1632 649 1946 769 αἱρεῖται
1991 671 2379 738 συμφαγων.

392 757 496 820 60
563 758 770 819 ΤΥΧ.
828 754 1069 820 Πάντα
1123 778 1242 838 μοι
1301 753 1546 832 δοκεῖς,
1606 776 1658 816 ω
1703 756 1949 835 Σίμων,
2008 753 2376 831 διεξελθεῖν
2394 761 2471 816 60

215 848 595 944 ὗστερήσας
652 848 844 921 οὐδὲν
900 858 1020 944 τῆς
1080 858 1362 922 σεαυτοῦ
1418 858 1662 982 τέξνης,
1724 850 1839 937 οὐχ
1895 852 2126 941 ωσπερ
2187 850 2388 933 αὐτὸς

220 958 534 1044 ἔφασκες,
596 954 998 1046 ἀμελέτητος
1058 954 1179 1039 ὤν,
1250 949 1401 1023 ἀλλ’
1467 955 1698 1042 ωσπερ
1758 983 1839 1023 αν
1895 981 2001 1035 τις
2058 953 2191 1025 ὑπὸ
2252 960 2388 1024 τῶν

113 1065 560 1147 882μεγίστων
604 1065 1152 1146 γεγυμνασμένος.
1234 1058 1496 1140 λοιπόν,
1547 1058 1606 1126 εἰ
1649 1056 1737 1145 μὴ
1789 1058 2062 1144 αἰσχρὸν
2106 1054 2266 1127 αὐτὸ
2308 1058 2384 1127 τὸ

222 1156 451 1246 ὄνομά
495 1160 641 1228 ἐστι
683 1165 802 1250 τῆς
845 1166 1315 1251 παρασιτικῆς,
1360 1163 1548 1228 θέλω
1590 1168 1863 1247 μαθεῖν.

401 1268 627 1331 ΠΛΡ.
673 1256 846 1351 (Όρα
904 1263 982 1352 δὴ
1042 1262 1162 1352 τὴν
1221 1263 1611 1351 ἀπόκρισιν,
1672 1264 1788 1332 ἐάν
1843 1288 1954 1333 σοι
2000 1265 2239 1343 ἱκανῶς
2284 1267 2391 1332 λέ-

221 1373 482 1455 γεσθαι
526 1366 704 1453 δοκῇ,
749 1368 860 1433 καὶ
904 1370 1126 1451 πειρῶ
1172 1366 1380 1435 πάλιν
1427 1360 1628 1446 αὐτὸς
1673 1361 2182 1452 ἀποκρίνασθαι
2220 1367 2391 1453 πρὸς

223 1469 304 1537 τὸ
369 1468 798 1554 ἐρωτώμενον
859 1462 903 1555 ᾗ
964 1464 1207 1553 άριστα
1264 1469 1414 1537 οἴει.
1505 1474 1669 1557 φέρε
1718 1470 1874 1558 γάρ,
1931 1469 2049 1537 τὸν
2095 1485 2282 1539 σῖτον
2328 1474 2394 1540 οἱ

225 1573 524 1639 παλαιοὶ
568 1580 634 1637 τί
675 1572 952 1637 καλοῦσι
967 1599 988 1653 ,·

417 1680 625 1740 ΤΥΧ.
680 1671 974 1759 Τροφήν.

409 1779 634 1843 ΠΛΡ.
689 1781 773 1841 Τί
818 1774 891 1841 δὲ
935 1774 1010 1842 τὸ
1061 1780 1427 1854 σιτεῖσθαι,
1480 1767 1622 1858 οὖχὶ
1667 1773 1743 1841 τὸ
1794 1774 2091 1858 ἐσθίεινς

417 1883 625 1943 ΤΥΧ.
671 1882 833 1944 Ναί.

410 1984 632 2046 ΠΛΡ.
691 1972 946 2046 Οὐκοῦν
987 1980 1556 2068 καθωμολόγηται
1600 1978 1676 2046 τὸ
1713 1994 2112 2064 παρασιτεῖν
2145 1973 2252 2047 ὅτι
2285 1980 2400 2047 οὑκ

234 2079 410 2149 ἄλλο
458 2080 634 2165 ἓστίς

421 2190 630 2251 ΤΥΧ.
684 2186 898 2252 Τοῦτο
927 2184 1073 2273 γάρ,
1107 2168 1162 2249 ὦ
1193 2189 1439 2269 Σίμων,
1479 2182 1659 2251 ἐστὶν
1690 2183 1727 2251 ὃ
1763 2182 2032 2271 αἰσχρὸν
2065 2189 2399 2272 φαίνεται.

416 2294 519 2356 61.
563 2293 786 2354 ΠΛΡ.
844 2291 1020 2375 Φέρε
1075 2284 1152 2372 δὴ
1215 2285 1424 2354 πάλιν
1482 2281 1847 2374 ἀπόκριναί
1899 2314 2050 2373 μοι,
2109 2286 2397 2372 πότερόν
2415 2301 2489 2356 61

242 2413 363 2458 σοι
406 2389 588 2456 δοκεῖ
633 2390 980 2512 διαφέρειν
1022 2393 1134 2457 καὶ
1180 2395 1636 2475 προκειμένων
1682 2385 1938 2476 ἀμφοῖν
1984 2390 2272 2475 πότερον
2327 2416 2406 2455 αν

244 2489 456 2569 αὐτὸς
501 2490 700 2569 ε’λοιο,
750 2488 881 2575 ἆρά
924 2515 999 2577 γε
1042 2490 1117 2558 τὸ
1169 2494 1363 2560 πλεῖν
1407 2483 1450 2579 ἢ
1494 2490 1570 2559 τὸ
1619 2495 2042 2578 παραπλεῖν,·

429 2600 636 2660 TYX.
688 2592 781 2661 Τὸ
828 2595 1282 2678 παραπλεῖν’
1262 2594 1485 2680 ε’γωγε.

423 2699 645 2763 ΠΛΡ.
701 2701 786 2763 Τι’
831 2696 921 2770 δέ,
964 2695 1042 2764 τὸ
1092 2701 1343 2779 τρέχειν
1388 2686 1429 2784 ἢ
1472 2695 1549 2764 τὸ
1597 2704 2073 2783 παρατρέχειν,·

431 2804 637 2865 ΤΥΧ.
692 2798 782 2865 Τὸ
831 2805 1292 2884 παρατρέχειν.

421 2904 644 2968 ΙΙΛΡ.
700 2907 785 2967 Τί
830 2901 922 2982 δέ,
966 2898 1044 2968 τὸ
1094 2901 1410 2968 ἱππεύειν
1454 2890 1498 2988 ἢ
1539 2900 1616 2968 τὸ
1659 2892 2121 2987 παριππεύειν
2134 2930 2157 2986 ,·

433 3010 644 3069 TYX.
699 3001 790 3070 Τὸ
838 3002 1322 3089 παριππεύειν.

426 3108 648 3171 ΠΛΡ.
703 3111 789 3172 Τι’
834 3105 929 3188 δέ,
974 3104 1051 3172 τὸ
1102 3104 1466 3186 ἀκοντίζειν
1510 3095 1555 3192 ἢ
1596 3103 1673 3173 τὸ
1722 3105 2265 3193 παρακοντίζειν;

433 3214 641 3273 ΤΥΧ.
695 3206 786 3274 Τὸ
836 3208 1362 3295 παρακοντίζειν.

426 3313 648 3375 ΠΛΡ.
706 3303 958 3376 Οὐκοῦν
1014 3306 1268 3394 ὁμοίως
1326 3300 1407 3375 ὃν
1465 3308 1734 3389 ἐθέλοις
1787 3314 1898 3379 καὶ
1964 3319 2083 3378 τοῦ
2152 3310 2413 3378 ἐσθίειν

247 3405 513 3496 μᾶλλον
557 3409 633 3477 τὸ
682 3425 1124 3496 παρασιτεῖν,·

435 3519 645 3579 TYX.
687 3509 1073 3601 Ὁμολογεῖν
1117 3509 1383 3603 ἀνάγκη.
1471 3519 1588 3581 καί
1631 3536 1743 3581 σοι
1787 3513 2028 3581 λοιπὸν
2075 3506 2304 3598 ὥσπερ
2350 3515 2415 3581 οἱ

136 3613 510 3692 883παῑδες
556 3607 890 3703 ἀφίξομαι
928 3619 1042 3684 καὶ
1088 3615 1257 3703 ἑῷος
1297 3619 1411 3683 καὶ
1445 3609 1596 3701 μετ’
1632 3612 1911 3698 ἄριστον
1939 3616 2419 3705 μαθησόμενος

250 3715 379 3803 τὴν
423 3720 674 3805 τέχνην.
757 3716 835 3784 σύ
884 3719 958 3785 δέ
1000 3744 1086 3803 με
1130 3717 1336 3806 αὐτὴν
1380 3719 1640 3796 δίκαιος
1684 3717 2023 3787 διδάσκειν
2069 3712 2417 3805 ἀφθόνως,

255 3817 414 3884 ἐπεὶ
458 3820 573 3885 καὶ
615 3821 888 3906 πρῶτος
926 3820 1243 3909 μαθητής
1287 3843 1398 3887 σοι
1440 3826 1731 3906 γίνομαι.
1808 3823 1982 3909 φασὶ
2029 3821 2103 3887 δὲ
2144 3830 2256 3890 καὶ
2298 3822 2420 3902 τὰς

254 3923 555 4007 μητέρας
595 3923 851 4004 μᾶλλον
894 3922 980 3989 τὰ
1025 3931 1265 4007 πρῶτα
1309 3922 1532 4010 φιλεῖν
1575 3925 1708 3988 τῶν
1752 3928 2014 3993 τέκνων.
