2867 4525
513 262 635 322 190
1410 257 1790 313 ΔΟΥΚΙΑΝΟΥ

508 434 646 510 λες·
725 424 864 514 [οὑκ
911 429 1276 517 αἰτήσομαι
1292 433 1332 513 ·]
1399 422 1688 515 ἀβέβαια
1731 426 1858 514 γὰρ
1903 425 2116 493 ταῦτά
2157 450 2231 511 γε
2273 428 2382 493 καὶ
2414 426 2657 504 πολλὰς

506 532 630 612 τὰς
696 531 1064 618 ἐπιβουλὰς
1131 532 1366 615 ἔχοντα
1431 532 1641 597 πλέον
1707 532 1829 596 τοῦ
1885 524 2081 619 ἡδέος
2134 527 2210 595 τὸ
2273 524 2547 612 ἀνιαρὸν
2600 525 2656 595 ἐν

404 648 480 703 42
516 630 762 713 αὐτοῖς.
852 641 954 704 42.
999 632 1125 721 ἐγώ
1200 634 1272 701 δὲ
1335 633 1670 719 βούλομαι
1722 630 1843 698 τὸν
1894 627 2093 720 Ἑρμῆ
2150 630 2500 712 ἐντυχόντα
2554 655 2661 714 μοι

510 740 746 806 δοῦναι
804 738 1197 816 δακτυλίους
1239 735 1429 815 τινὰς
1472 738 1585 804 καὶ
1630 734 1976 813 τοιούτους
2020 732 2144 823 τὴν
2188 732 2502 816 δύναμιν,
2560 731 2663 799 ἕνα
2799 767 2802 855 4

517 845 633 925 wit:
681 833 852 907 ω’στε
898 836 1004 907 ἀεὶ
1050 839 1399 925 ἐρρωσθαι
1441 840 1553 905 καὶ
1598 834 1920 924 ὑγιαίνειν
1965 834 2042 904 τὸ
2092 838 2288 920 σῶμα
2317 832 2504 902 καὶ”
2461 860 2661 919 ατρω-

513 969 585 1005 u·
597 973 625 1005 ι
677 939 847 1009 εἶναι
889 944 1003 1009 καὶ
1048 934 1313 1061 ἀπαθῆ,
1361 939 1587 1025 ἕτερον
1634 939 1706 1006 δὲ
1752 934 1846 1017 ὥς
1874 938 1963 1026 μὴ
1998 935 2303 1025 ὁρᾶσθαι
2329 935 2449 1005 τὸν
2482 960 2660 1020 περι·

517 1053 828 1125 θεμενον,
889 1042 1030 1121 οἶος
1085 1028 1163 1131 ἦν
1219 1038 1254 1109 o‘
1313 1045 1433 1110 τοῦ
1479 1041 1727 1128 Γύγου,
1787 1040 1905 1109 τὸν
1965 1040 2039 1107 δέ
2094 1066 2248 1109 τινα
2293 1035 2385 1117 ὥς
2430 1037 2661 1121 ἰσχύειν

521 1145 685 1230 ἶπὲρ
730 1141 977 1230 ἄνδρας
1019 1150 1298 1230 μυρίους
1339 1146 1451 1211 καὶ
1498 1138 1537 1211 ό
1580 1171 1649 1211 τι
1694 1169 1776 1211 αν
1822 1136 2096 1227 ὄχθος(
2065 1137 2206 1227 ἅμα
2234 1149 2466 1226 μυρίοι
2493 1143 2658 1229 κινῆ-

517 1273 629 1313 σαι.
689 1247 885 1332 μόλις
942 1247 1283 1323 δύναιντο,
1350 1250 1548 1313 τοῦτο
1605 1246 1720 1332 ἐμὲ
1778 1246 2029 1334 ῥᾳδίως
2085 1245 2293 1329 μόνον
2350 1240 2658 1310 ἀνατίθε-

1668 1341 2233 1369 ,,,,,,

517 1453 689 1533 ητρὸς
743 1455 941 1519 τοῦτο
999 1448 1174 1520 εἶναί
1230 1476 1351 1535 μοι
1406 1450 1758 1519 δακτύλιόν
1814 1469 2002 1518 τινα·
2089 1454 2200 1519 καὶ
2244 1449 2375 1539 μὴν
2423 1452 2531 1517 καὶ
2574 1446 2658 1523 εἰς

521 1557 725 1621 ἔπι-εν
783 1557 1139 1621 κατασπᾶν
1192 1551 1494 1632 ὁπόσους
1553 1543 1632 1621 ἀν
1691 1553 1913 1620 ἐθέλω
1970 1555 2083 1620 καὶ
2128 1545 2409 1620 ἅπασαν
2453 1550 2656 1634 θύραν

517 1659 874 1737 προσιόντι
930 1681 1048 1740 μοι
1107 1650 1507 1742 ἀνοίγεσθαι
1562 1658 1949 1740 χαλωμένου
2007 1657 2127 1721 τοῦ
2184 1656 2504 1739 κλείθρου
2557 1653 2653 1718 καὶ

517 1765 633 1821 τοῦ·
677 1761 925 1842 μοχλοῦ
971 1752 1494 1847 ἀφαιρουμένου,
1542 1761 1755 1825 ταῦτα
1801 1752 2153 1846 ἀμφότερα
2198 1756 2293 1835 εἶς
2325 1755 2656 1831 δακτύλιος

413 1869 485 1925 43
525 1861 860 1927 δυνάσθω.
935 1867 1040 1930 43.
1086 1860 1160 1926 τὸ
1209 1861 1282 1927 δὲ
1325 1871 1641 1948 μέγιστον
1687 1855 1888 1939 ἄλλος
1931 1884 2035 1938 τις
2079 1859 2252 1927 ἔστω
2299 1858 2420 1926 ἐπὶ
2464 1862 2654 1925 πᾶσιν

513 1961 545 2029 ὁ
601 1957 885 2049 ἥδιστος,
933 1958 1026 2040 ὥς
1070 1962 1392 2049 ἐράσμιον
1438 1959 1616 2030 εἶναί
1659 1988 1743 2047 με
1788 1967 2237 2047 περιθέμενον
2283 1964 2490 2030 παισὶ
2529 1972 2654 2036 τοῖς

517 2065 789 2149 ὡραίοις
844 2068 955 2132 καὶ
1011 2064 1270 2151 γυναιξὶ
1326 2068 1440 2132 καὶ
1500 2064 1738 2155 δήμοις
1798 2058 1982 2143 ὅλοις
2038 2068 2152 2132 καὶ
2194 2065 2451 2154 μηδένα
2497 2060 2724 2131 simam

517 2165 879 2253 ἀνέραστον
928 2166 1082 2255 [καὶ]
1131 2160 1267 2254 ὅτῳ
1310 2166 1399 2254 μὴ
1437 2170 1935 2247 ποθεινότατος
1968 2168 2093 2254 ἐγὼ
2123 2170 2234 2235 καὶ
2271 2161 2404 2233 ἀνὰ
2437 2166 2650 2249 στόμα,
2798 2192 2802 2247 ,ι

517 2269 685 2333 ὥστε
729 2269 990 2346 πολλὰς
1030 2283 1344 2356 γυναῖκας
1387 2263 1467 2336 οὗ·
1498 2270 1835 2357 φερούσας
1863 2269 1981 2338 τὸν
2014 2271 2231 2356 ἔρωτα
2265 2268 2423 2358 [καὶ]
2472 2263 2652 2351 ἀναρ-

521 2377 637 2437 ῑιτὲν
685 2370 925 2449 ἑαυτὰς
967 2375 1081 2438 καὶ
1123 2371 1209 2438 τὰ
1255 2372 1573 2458 μειράκια
1617 2372 2102 2460 ἐπιμεμηνέναι
2142 2398 2264 2457 μοι
2305 2374 2416 2440 καὶ
2453 2366 2651 2438 εὐδαί-

517 2501 689 2553 μῡνα
745 2469 920 2540 εἶναι
973 2473 1223 2556 δοκεῖν,
1285 2473 1352 2540 εἴ
1389 2499 1543 2542 τινα
1586 2478 1698 2543 καὶ
1739 2474 1945 2559 μόνον
1991 2476 2508 2560 προσβλέψαιμι
2550 2465 2650 2537 αὖ·

517 2581 677 2654 τῶν,
739 2576 799 2643 εἰ
860 2570 922 2641 δ’
986 2571 1414 2664 ὑπερορῴην,
1472 2571 1742 2645 κάκεῖνα
1786 2573 1921 2644 ὑπὸ
1973 2576 2185 2664 λύπης
2231 2570 2650 2652 ἀπολλύσθω,

519 2686 621 2746 καὶ
673 2675 1058 2764 ὅλωςὺπὲρ
1105 2679 1222 2746 τὸν
1247 2675 1600 2748 Ὑάκινθον
1645 2669 1918 2767 ἢὝλαν
1962 2670 2005 2765 ἢ
2053 2681 2307 2746 Φάωνα
2351 2677 2471 2745 τὸν
2499 2684 2652 2744 Χῖον

417 2798 485 2850 14
525 2781 698 2846 εἶναί
739 2805 842 2865 με.
898 2788 1000 2847 44.
1046 2784 1155 2847 καὶ
1200 2785 1410 2848 ταῦτα
1453 2784 1680 2848 πάντα
1712 2781 1880 2863 ἔχειν
1908 2780 1997 2866 μὴ
2031 2776 2482 2867 ὀλιγοχρόνιον
2511 2774 2652 2844 ὅντα

517 2882 681 2966 μηὸὲ
723 2881 894 2948 κατὰ
938 2886 1181 2966 μέτρον
1213 2881 1426 2962 ζῶντα
1457 2886 1574 2972 τῆς
1604 2875 2047 2970 ἀνθρωπίνης
2073 2886 2325 2968 βιοτῆς,
2372 2875 2519 2947 ἀλλ’
2555 2877 2650 2963 ἔτη

513 2986 696 3062 χέ’,υὶεα
751 2987 898 3050 νέον
957 2983 1026 3049 ἐκ
1079 2988 1228 3050 νέου
1270 2983 1658 3070 γιγνόμενον
1704 2984 2063 3068 διαβιῶναι
2110 2977 2288 3071 ἀμφὶ
2332 2982 2417 3049 τὰ
2463 2981 2650 3049 ἕπτα-

521 3086 788 3149 ffls‘deua
845 3084 956 3172 ε’τη
1017 3079 1121 3150 ἀεὶ
1178 3078 1641 3169 ἀποδυόμενον
1686 3085 1761 3151 τὸ
1807 3110 2013 3174 γηρας
2057 3078 2291 3172 ὥσπερ
2337 3086 2403 3152 οἱ
2448 3079 2649 3172 ὄφεις·

525 3182 711 3250 ηιῗτόὲν
766 3184 892 3270 γὰρ
952 3184 1246 3274 ἐνδεήσει
1287 3213 1405 3271 μοι
1463 3190 1673 3253 ταῦτα
1731 3187 1980 3270 ἔχοντι·
2084 3189 2311 3256 πάντα
2364 3186 2488 3274 γὰρ
2542 3180 2649 3266 ἐμὰ

521 3314 593 3366 ιι
641 3278 721 3354 ἂν
765 3286 850 3353 τὰ
893 3291 1026 3353 τῶν
1072 3285 1309 3371 ἄλλων,
1356 3289 1454 3366 εἰς
1498 3282 1658 3357 όσον
1704 3285 1995 3376 ἀνοίγειν
2026 3316 2098 3357 τε
2125 3290 2248 3369 τὰς
2278 3290 2495 3377 θύρας
2524 3286 2651 3353 ἐδυ-

525 3394 690 3478 aiffa
697 3416 731 3456 ν
761 3393 873 3458 καὶ
902 3390 1224 3475 κοιμίζειν
1253 3390 1409 3470 τοὺς
1441 3394 1743 3479 φύλακας
1769 3397 1882 3460 καὶ
1907 3386 2205 3472 ἀθέατος
2229 3389 2400 3460 εἶναι
2427 3389 2650 3458 εἰσιών.

525 3498 581 3558 εἷ
641 3498 712 3561 δέ
765 3520 836 3561 τι
892 3493 960 3560 ἐν
997 3489 1227 3572 Ινδοῖς
1284 3484 1328 3582 ἢ
1377 3493 1843 3580 Υπερβορέοις
1902 3500 2134 3581 θέαμα
2194 3493 2648 3580 παράδοξονη

525 3602 732 3682 κεῇμα
776 3601 1003 3680 τίμιον
1049 3586 1088 3683 ἢ
1133 3589 1262 3663 όσα
1308 3595 1634 3683 ἐμφαγεῖν
1678 3586 1720 3681 ἢ
1760 3610 1941 3665 πιεῖν
1974 3594 2156 3684 ἡδέα,
2205 3591 2281 3664 οὗ
2324 3615 2650 3681 μεταστει-

525 3702 819 3779 Αιῑὲμ-ιενος,
868 3692 1017 3764 ἀλλ’
1072 3691 1274 3776 αὑτὸς
1309 3697 1854 3782 [ἐπι]πετόμενος
1885 3692 2225 3767 ἀπέλαυον
2258 3695 2570 3766 ἀπάντων
2596 3690 2650 3766 ἒς

521 3802 748 3878 κόρον·
809 3802 920 3865 καὶ
966 3798 1116 3868 ἐπεὶ
1161 3799 1346 3885 γρὺψ
1386 3795 1784 3885 ὑπόπτερον
1828 3805 2075 3889 θηρίον
2122 3801 2415 3890 ἢφοῖνιξ
2445 3794 2650 3883 ὄρνεον

525 3898 589 3962 ἐν
629 3894 857 3976 Ἰνδοῖς
917 3893 1214 3968 ἀθέατον
1257 3915 1400 3978 τοῖς
1448 3897 1708 3982 ἄλλοις,
1756 3901 1884 3988 ἐγώ
1935 3902 2006 3970 δὲ
2050 3905 2160 3970 καὶ
2206 3906 2401 3970 τοῦτο
2446 3898 2719 3980 ἑώρωνῖΠ

525 3998 621 4076 -ἒέ-ν,
673 4002 781 4067 καὶ
826 3999 949 4077 τὰς
991 4001 1214 4089 πηλᾶς
1258 4003 1330 4070 δὲ
1366 4001 1491 4081 τὰς
1519 4005 1769 4070 Νείλου
1799 4002 2004 4088 μόνος
2036 3995 2116 4071 ἀν
2146 3997 2530 4093 ἠπιστάμην
2556 3997 2649 4064 καὶ
