2867 4525
333 3890 412 3945 20

432 252 511 309 ¹72
1278 247 1739 314 [normNor]

425 420 503 489 τὸ
564 419 656 511 μὴ
717 420 928 511 διψῆν
985 423 1107 488 τοῦ
1161 434 1346 488 πιεῖν
1398 417 1574 486 πολὺ
1617 417 1890 485 κάλλιον
1932 418 2046 483 καὶ
2090 414 2167 484 τὸ
2213 414 2309 536 μὴ>
2352 420 2705 500 πεινῆν930

427 528 549 591 τοῦ
605 537 845 611 φαγεῖν
902 525 1015 589 καὶ
1071 521 1147 589 τὸ
1210 520 1301 608 μὴ
1363 522 1566 611 ῥιγῶν
1625 523 1746 586 τοῦ
1802 516 2189 606 ἀμπεχόνης
2247 510 2598 603 εὖπορεῑνς

344 636 414 692 1¹2
438 631 540 693 17.
582 632 755 713 φέρε
817 631 1077 700 τοίνυν,
1145 621 1378 711 ἐπειδὴ
1447 621 1672 701 εὀικας
1734 615 2024 709 ἀγνοεῖν,
2089 618 2456 703 διδάξομαι
2517 640 2597 684 σε

430 733 711 816 θρηνεῖν
756 720 1243 815 ἀληθέστερον,
1301 728 1411 793 καὶ
1459 723 1538 812 δὴ
1587 718 1942 810 ἀναλαβών
1986 723 2060 802 ἐξ
2097 719 2398 810 ὑπαρχῆς
2440 717 2595 804 βόα,

440 830 686 897 Τέκνον
743 825 1019 911 ἄθλιον,
1076 821 1302 895 οὐκέτι
1354 825 1704 915 διψήσεις,
1763 821 1985 894 οὐκέτι
2037 826 2382 913 πεινήσεις
2438 816 2595 890 οὗδὲ

434 930 764 1018 ῥιγώσεις.
857 930 1001 1018 οἴχῃ
1059 955 1178 1014 μοι
1230 930 1656 1013 κακοδαίμων
1702 928 2000 1019 ἐκφυγὼν
2041 926 2166 1006 τὰς
2210 925 2466 1007 νόσους,
2514 918 2593 992 οὗ

433 1032 725 1120 πυρετὸν
797 1033 898 1102 ἔτι
970 1031 1240 1113 δεδιώς,
1315 1030 1392 1099 οὐ
1460 1033 1821 1116 πολέμιον,
1896 1024 1973 1098 οὗ
2037 1025 2387 1116 τύραννον·
2473 1020 2597 1093 οὐκ

433 1134 602 1220 ἔρως
650 1158 733 1201 σε
788 1127 1059 1201 ἀνιάσει
1103 1126 1258 1201 οὐδὲ
1300 1140 1626 1202 συνουσία
1672 1134 2071 1220 διαστρέψει
2113 1124 2270 1199 οὐδὲ
2315 1127 2598 1217 σπαθή-

433 1260 576 1316 σεις
631 1236 749 1305 ἐπὶ
789 1235 1014 1324 τούτῳ
1058 1224 1250 1314 δὶς”
1208 1261 1247 1323 η
1295 1261 1441 1322 τρις
1484 1240 1602 1326 τῆς
1644 1232 1911 1324 ἡμέρας,
1958 1260 2011 1300 ω
2053 1236 2176 1323 τῆς
2217 1232 2597 1320 συμφορᾶς.

436 1334 515 1406 οὗ
581 1338 1153 1428 καταφρονηθήσῃ
1219 1342 1428 1425 γέρων
1493 1337 1846 1425 γενόμενος
1911 1330 2065 1405 ουδὲ
2130 1329 2410 1422 ὀχληρὸς
2473 1332 2595 1419 ε’σῃ

343 1447 414 1502 18
432 1453 578 1519 τοῖς
622 1445 799 1518 νέοις
838 1439 1275 1525 βλεπόμενος.
1342 1444 1441 1507 18.
1485 1466 1568 1508 αν
1608 1443 1823 1507 ταῦτα
1852 1442 2063 1528 λέγῃς,
2108 1464 2161 1504 ω
2193 1436 2430 1521 πάτερ,
2471 1427 2598 1504 οὐκ

434 1541 567 1609 οἴει
641 1541 818 1609 πολὺ
892 1536 1317 1630 ἀληθέστερα
1380 1544 1495 1608 καὶ
1559 1536 1987 1628 γενναιότερα
2052 1539 2319 1608 ἐκείνων
2382 1536 2596 1625 ερεῑνς

432 1637 604 1710 ἀλλὰ
651 1636 779 1729 όρα
822 1641 914 1733 μὴ
958 1643 1115 1712 τόδε
1157 1668 1236 1711 σε
1278 1637 1442 1731 ανιᾷ
1482 1646 1596 1710 καὶ
1640 1644 1881 1733 διανοῇ
1923 1641 2043 1710 τὸν
2086 1639 2247 1729 παρ’
2293 1637 2448 1727 ἡμῖν
2481 1640 2593 1722 ζό-

433 1770 566 1833 φον
610 1749 723 1812 καὶ
775 1744 852 1812 τὸ
899 1745 1075 1814 πολυ
1123 1745 1383 1828 σκότος,
1428 1732 1621 1834 [κᾷτα
1664 1745 1895 1867 δέδιας
1933 1744 2025 1831 μή
2071 1768 2186 1812 σοι
2228 1737 2595 1829 αποπνιγιῦ
2669 1746 2683 1756 ’

429 1850 943 1926 κατακλεισθεὶς
987 1848 1054 1916 ἐν
1098 1852 1196 1935 τῷ
1239 1845 1596 1935 μνήματις]
1648 1846 1771 1937 χρὴ
1815 1847 1891 1915 δὲ
1935 1845 2110 1932 πρὸς
2151 1850 2363 1913 ταῦτα
2407 1847 2593 1932 λογί-

434 1948 679 2029 ζεσθαι
738 1942 847 2017 ότι
903 1953 1039 2017 τῶν
1094 1943 1479 2037 ὀφθαλμῶν
1538 1950 2009 2017 διασαπέντων
2062 1938 2106 2037 ἢ
2160 1950 2274 2016 καὶ
2331 1946 2405 2034 νὴ
2451 1953 2597 2016 Δία

431 2055 727 2120 καέντων
780 2049 920 2135 μετ’
980 2044 1205 2138 ὀλίγον
1216 2104 1235 2134 ,
1295 2052 1363 2118 εἲ
1410 2078 1487 2138 γε
1542 2056 1789 2119 καῦσαί
1830 2076 1915 2137 με
1958 2050 2380 2138 διεγνώκατε,
2439 2043 2593 2116 οὔτε

434 2151 672 2231 σκότος
724 2147 880 2219 οὔτε
934 2156 1086 2240 φῶς
1138 2148 1307 2238 δρᾶν
1353 2153 1760 2242 δεησόμεθα.
1848 2156 1959 2221 καὶ
2002 2156 2215 2221 ταῦτα
2256 2153 2379 2236 μὲν
2422 2151 2594 2230 ἴσως

345 2271 419 2328 19
438 2260 699 2344 μέτρια.
779 2260 876 2322 19.
921 2263 992 2321 τί
1034 2255 1110 2322 δέ
1151 2281 1235 2341 με
1278 2251 1314 2323 o‘
1352 2254 1642 2334 κωκυτὸς
1684 2251 1870 2343 ὑμῶν
1914 2249 2173 2347 ὀνίνησι
2199 2257 2313 2323 καὶ
2343 2251 2383 2344 ἥ
2414 2252 2703 2342 πρὸςθὲη

429 2356 550 2425 τὸν
612 2351 814 2425 αὐλὸν
881 2349 1044 2447 αὕτη
1105 2364 1552 2443 στερνοτυπία
1607 2361 1718 2426 καὶ
1774 2355 1815 2446 ἡ
1873 2384 2006 2427 των
2062 2361 2388 2445 γυναικῶν
2432 2361 2595 2444 περὶ

428 2457 550 2526 τὸν
594 2462 849 2545 θρῆνον
894 2453 1216 2546 ἀμετρίας
1257 2467 1327 2527 τί
1371 2461 1445 2527 δὲ
1486 2457 1524 2527 ὅ
1573 2458 1744 2546 ὖπὲρ
1774 2465 1894 2529 τοῦ
1922 2461 2145 2549 τάφου
2174 2463 2377 2538 λίθος
2407 2459 2595 2526 ἕστε·-

430 2565 862 2650 φανωμένος,·
923 2552 967 2651 ἢ
1021 2568 1093 2631 τί
1145 2558 1303 2646 ὑμῖν
1353 2563 1633 2630 δύναται
1689 2562 1809 2630 τὸν
1865 2588 2151 2690 ακρατον
2209 2563 2495 2646 ἑπιχεινς
2546 2551 2593 2648 ἢ

430 2664 725 2750 νομίζετε
746 2665 1187 2744 καταστάξειν
1224 2658 1425 2732 αυτὸν
1457 2664 1631 2751 πρὸς
1652 2661 1830 2752 ἡμᾶς
1864 2692 1976 2733 και
1999 2670 2190 2751 μέχρι
2213 2668 2333 2732 τοῦ
2352 2657 2591 2734 Αιδου

429 2767 780 2847 διίξεσθαι
794 2797 816 2851 ,-
869 2794 954 2835 τα
1011 2768 1134 2853 μὲν
1190 2765 1318 2854 γὰρ
1377 2765 1494 2834 επὶ
1539 2771 1672 2833 τῶν
1725 2771 2169 2854 καθαγισμων
2224 2770 2337 2835 καὶ
2396 2761 2589 2835 αὐτοὶ

426 2865 648 2956 ὁρᾶτε,
697 2865 909 2954 οἶμαι,
956 2866 1049 2949 ὥς
1089 2868 1168 2937 τὸ
1199 2869 1321 2954 μὲν
1351 2868 1852 2953 νοστιμώτατον
1880 2873 2014 2936 τῶν
2043 2875 2590 2954 παρεσκευασμέ-

427 2997 559 3038 νων
613 2967 649 3038 ὅ
711 2969 968 3047 καπνὸς
1026 2970 1443 3058 παραλαβών
1501 2999 1640 3039 ανω
1698 2970 1765 3049 ἐς
1819 2970 1937 3039 τὸν
1991 2967 2274 3059 οὐρανὸν
2332 2972 2590 3055 οἴχεται

426 3073 634 3160 μηδέν
688 3097 759 3139 τι
798 3068 976 3159 ἡμᾶς
1019 3065 1266 3159 ὀνήσας
1308 3073 1468 3153 τοὺς
1508 3074 1709 3157 κάτω,
1755 3072 1832 3141 τὸ
1881 3074 1954 3141 δὲ
1996 3070 2587 3159 καταλειπόμενον,

424 3169 465 3263 ἧ
523 3172 737 3255 κόνις,
793 3166 1085 3258 ἇχρεῑον,
1142 3172 1328 3253 ἐκτὸς
1386 3176 1448 3243 εἰ
1503 3175 1595 3266 μὴ
1654 3176 1775 3263 τὴν
1836 3174 2093 3243 σποδὸν
2147 3172 2324 3266 ἡμᾶς
2379 3190 2590 3247 σιτεῖ-

428 3280 605 3345 σθαι
647 3274 1158 3345 πεπιστεύκατε.
1244 3271 1361 3361 οὐχ
1407 3271 1620 3358 οῧτως
1662 3302 1970 3364 ασπορος
2015 3272 2170 3346 οὐδὲ
2213 3274 2517 3362 άκαρπος
2544 3276 2586 3365 ἦ

420 3382 542 3446 τοῦ
586 3375 991 3456 Πλούτωνος
1038 3371 1201 3466 ἀρχὴ
1252 3374 1407 3449 ουδὲ
1453 3376 1948 3448 ἐπιλέλοιπεν(
1911 3383 2087 3469 ημᾶς
2116 3376 2152 3446 o‘
2187 3374 2587 3469 ἀσφόδελος,

419 3482 533 3549 ίνα
588 3476 753 3568 παρ’
816 3476 1001 3565 ὗμων
1044 3479 1131 3547 τὰ
1178 3488 1363 3550 σιτία
1406 3481 2042 3567 μεταστελλώμεθα.
2129 3475 2301 3551 ώστε
2341 3509 2461 3567 μοι
2508 3482 2587 3573 νὴ

419 3579 541 3669 τὴν
621 3582 997 3672 Τισιφόνην
1063 3582 1284 3651 πάλαι
1340 3584 1419 3671 δὴ
1478 3578 1583 3674 ἐφ’
1650 3583 1753 3663 οἷς
1810 3583 2106 3653 εποιεῖτε
2160 3588 2269 3654 καὶ
2330 3585 2589 3674 ελέγετε

422 3687 859 3770 παμμέγεθες
926 3684 1129 3774 ἐπῄει
1181 3680 1665 3774 ανακαγχάσαι,
1726 3686 2086 3755 διεκώλυσε
2139 3687 2216 3755 δὲ
2268 3683 2306 3776 ἡ
2366 3681 2586 3779 ὀθόνη

419 3787 532 3851 καὶ
575 3782 659 3850 τὰ
702 3784 874 3869 ἔρια,
920 3785 1031 3865 οἶς
1072 3813 1201 3872 μου
1245 3787 1367 3867 τὰς
1412 3789 1731 3875 σιαγόνας
1775 3785 2258 3877 ἀπεσφίγξατε.

600 3890 703 3952 20.
749 3885 841 3964 ὣς
884 3883 1018 3974 ἄρα
1059 3916 1175 3973 μιν
1222 3889 1506 3958 εἰπόντα
1549 3894 1739 3969 τέλος
1780 3890 2112 3960 θανάτοιο
2156 3890 2434 3976 κάλυψε.

422 3984 598 4072 πρὸς
639 3986 841 4069 Διός,
901 3988 1018 4065 ἐὰν
1074 3994 1226 4080 λέγῃ
1283 3995 1497 4059 ταῦτα
1555 3989 1591 4060 ὅ
1655 3992 1880 4080 νεκρὸς
1927 3993 2373 4082 ἐπιστραφεὶς
2418 3988 2688 4068 &va-932
