2867 4525
248 1491 301 1534 c.
333 1475 438 1534 25.

244 3435 303 3476 e.
328 3419 434 3476 26.

942 276 1199 330 LUGIANI
1233 276 1735 333 PfflLOPSEUDES.
2305 281 2428 341 233

477 451 554 512 δὲ
586 445 610 531 ΙΙ
643 452 747 512 δαὶ
792 447 844 511 Ἃ
892 480 970 492 -
1019 442 1056 514 ὅ
1084 442 1232 516 ”Ιων
1288 454 1412 534 ἔφη
1446 449 1469 534 ΙΙ
1502 447 1626 534 ἔφη
1679 450 1716 516 ὅ
1758 461 1889 517 Ιων
1934 450 1988 514 Ἃ
2034 485 2109 496 -
2158 459 2223 517 τί
2265 445 2427 520 ἄλλο

475 546 499 632 ΙΙ
529 556 595 613 τί
637 547 706 615 δ’
737 549 790 614 Ἃ
834 585 919 596 -—
956 547 1245 634 φρήτρας
1276 549 1300 635 ΙΙ
1332 549 1580 636 φρήτας
1608 549 1679 614 Ω
1709 590 1793 599 ——
1821 559 1958 618 τῶν
1988 576 2057 633 φ.
2091 551 2116 636 ΙΙ
2147 573 2262 617 om.
2290 563 2428 621 τῶν

475 646 544 711 Ω
584 686 672 697 -
717 645 841 718 οὖν
874 649 898 736 ΙΙ
930 673 1044 714 om.
1073 649 1144 714 Ω
1191 688 1266 699 -
1317 651 1411 720 ἔτι
1444 652 1469 739 ΙΙ
1501 674 1615 718 om.
1657 655 1710 720 Ἃ
1753 690 1838 700 -
1881 653 2032 721 ου’ὁὲ
2064 653 2088 739 ΙΙ
2119 662 2228 722 καὶ
2273 655 2424 722 οὐδὲ

473 753 527 817 Ἃ
570 789 655 799 -
700 750 867 820 ἀλλὰ
923 750 1198 836 εἰκάζων
1230 755 1254 837 ΙΙ
1287 754 1448 822 ἄλλ’
1492 757 1747 839 εἴκαζον
1791 757 1844 822 Ἃ
1889 793 1974 803 -
2015 766 2179 838 γοῦν
2224 762 2426 839 ἔγωγε

470 851 597 938 ΙΙό’
642 851 771 922 οὖν
816 853 941 937 ἐγώ
996 881 1065 922 τε
1109 858 1162 923 Ἃ
1206 894 1291 904 --
1334 856 1592 925 ἅπαντα
1623 856 1648 943 fl
1680 878 1794 921 om.
1839 856 1910 921 Ω
1955 894 2030 906 -
2083 859 2367 942 α’κριβῶς
2405 854 2427 938 ΙΙ

476 962 718 1036 ἱκαναῖς
762 959 815 1023 Ἃ
861 992 944 1005 -
989 956 1252 1043 ἑώρακα
1282 959 1307 1045 ΙΙ
1341 1007 1356 1021 .
1405 1007 1421 1022 .
1467 986 1604 1027 κειν
1636 963 1692 1026 Ἃ
1736 998 1821 1008 --
1856 961 2071 1043 χάσμα
2103 962 2127 1046 ΙΙ
2159 970 2423 1042 sequitur

471 1057 690 1143 ξυνήει
745 1065 855 1126 καὶ
898 1065 1172 1140 ξυνέμυε
1215 1063 1269 1127 Ἃ
1316 1098 1401 1108 -
1441 1071 1738 1151 Πυρρίας
1778 1063 1802 1147 [Ι
1847 1117 1861 1132 .
1915 1110 1930 1126 .
1975 1091 2030 1147 ρ.
2082 1086 2191 1130 um.
2247 1070 2295 1130 Ξῖ
2347 1102 2415 1110 -

468 1160 567 1246 Νὴ
597 1160 718 1228 Δί’
747 1161 767 1245 Ι
803 1164 923 1229 Δία
953 1163 1007 1228 Ἃ
1038 1200 1122 1209 —
1161 1161 1352 1230 ὑλακ.
1398 1170 1474 1230 δὲ
1505 1165 1529 1248 ΙΙ
1563 1212 1578 1228 .
1623 1191 1694 1246 γε
1724 1164 1791 1228 Φ
1821 1202 1908 1212 -
1948 1165 2359 1242 ὑπολάμπει-ιι
2407 1192 2411 1250 ζ

466 1264 846 1343 ὑπέλαμπεν
877 1265 930 1328 Ἃ
975 1301 1059 1310 -
1104 1262 1306 1332 ἐδόκει
1339 1264 1364 1350 ΙΙ
1396 1272 1614 1334 δοκεῖν
1644 1268 1698 1333 Ἃ
1730 1303 1806 1316 ·-
1841 1272 2423 1354 ἐπιμετρησεειπτῡς

467 1368 491 1448 ΙΙ
524 1364 1186 1454 ἐπιμαρτυρήσαντος
1232 1366 1299 1429 Φ
1344 1406 1428 1415 -

471 1468 623 1536 οὐδὲ
666 1469 690 1550 ΙΙ
735 1469 818 1536 οὐ
862 1470 918 1534 Ἃ,
958 1505 1045 1516 -
1088 1472 1246 1549 εῖὸες
1290 1469 1314 1554 ΙΙ
1358 1472 1528 1550 εἶπες
1572 1473 1626 1537 Ἃ
1672 1508 1756 1520 -
1801 1474 1967 1538 ἐπεσ.
2021 1477 2082 1538 δὲ
2127 1502 2215 1550 με
2251 1478 2271 1553 Η
2307 1498 2419 1534 um.

465 1597 553 1650 με
618 1571 672 1636 Ἃ
740 1606 814 1616 -
886 1570 1104 1652 amer.
1163 1571 1190 1656 ΙΙ
1241 1571 1279 1638 ὃ
1352 1571 1465 1639 Ἀν.
1538 1573 1591 1638 Ἃ
1657 1608 1742 1618 -
1805 1569 1887 1655 ἦν
1952 1572 2052 1656 ἣμ.
2103 1578 2123 1654 ΙΙ
2171 1574 2271 1654 ἧμ-
2343 1574 2419 1654 ἦν

468 1675 522 1739 Ἃ
565 1710 648 1721 -
703 1671 1048 1754 καύσωνος
1091 1673 1116 1759 ΙΙ
1163 1695 1278 1740 om.
1336 1701 1412 1755 ος
1456 1677 1510 1741 Ἃ
1555 1711 1638 1722 —-
1691 1673 1800 1742 ἃπ.
1858 1680 1939 1740 δὲ
1982 1673 2007 1760 ΙΙ
2051 1674 2123 1758 δὴ
2171 1674 2291 1734 ΩΓ
2339 1714 2419 1722 -

470 1767 777 1841 ἕπικλεισ.
812 1775 836 1856 ΙΙ
871 1774 1197 1842 ἅποκλεισ.
1238 1776 1293 1840 Ἃ
1336 1814 1419 1824 -
1465 1775 1643 1843 οὕτω
1675 1775 1700 1861 ΙΙ
1731 1775 1945 1856 οὕτως
1987 1772 2127 1838 ΩΦ
2175 1818 2251 1822 -
2299 1782 2419 1862 γὰρ

466 1875 575 1960 ΙΙγ.
625 1872 865 1956 αὐτὸς
910 1879 964 1943 Ἃ
1008 1913 1092 1925 -
1137 1885 1224 1957 εἰς
1265 1876 1379 1945 ὑπ.
1426 1880 1450 1960 ss
1495 1881 1558 1958 ἐς
1603 1880 1656 1945 Ἃ
1700 1915 1776 1926 —-
1825 1885 2167 1963 τρέπεσθαι
2211 1882 2231 1962 ΙΙ
2279 1910 2419 1962 ερατ

467 1983 700 2045 πέσθαι
745 1977 850 2045 ἋΓ
895 2016 979 2026 —
1019 2006 1133 2059 μοι
1175 1981 1201 2062 ΙΙ
1240 2001 1355 2044 om.
1399 1978 1541 2043 ΩΦ
1586 2018 1669 2030 ——
1712 1981 2087 2068 ἐγρηγορότι
2119 1986 2142 2066 Η
2179 1990 2419 2066 ἔψεγο-

468 2091 697 2167 ροῦντι
752 2079 891 2144 ΩΦ
949 2119 1034 2130 —-
1088 2092 1427 2172 περιβεβλ.
1473 2083 1497 2168 ΙΙ
1541 2083 1743 2164 α’ναβε
1795 2131 1811 2146 .
1867 2133 1882 2147 .
1942 2087 1994 2151 Ἃ
2051 2122 2135 2134 ·-
2191 2114 2259 2166 η
2267 2114 2416 2166 υωρ.

464 2184 489 2267 ΙΙ
523 2187 659 2247 add.
704 2183 824 2251 τὸν
866 2191 955 2267 Ιξ.
1002 2192 1111 2251 καὶ
1157 2183 1277 2252 τὸν
1321 2187 1376 2252 Ἃ
1420 2223 1495 2234 -
1548 2194 1657 2253 καὶ
1699 2197 1841 2253 Σισ.
1875 2185 1899 2272 ΙΙ
1930 2194 2038 2272 καὶ
2081 2214 2199 2254 τοι·
2247 2238 2311 2254 .-
2367 2190 2415 2254 Ἡ

466 2324 553 2335 --
595 2286 676 2355 τὰ
718 2293 836 2367 μὲν
882 2283 1049 2356 ἄλλα
1080 2287 1105 2373 fl
1138 2310 1254 2354 om.
1297 2294 1416 2368 μὲν
1447 2291 1501 2355 Ἃ
1545 2327 1630 2337 -
1659 2296 1724 2357 αὶ
1752 2289 1865 2376 Ἑρ.
1898 2291 1924 2377 [Ι
1954 2290 2155 2375 Ἑρινν
2187 2294 2255 2358 it
2307 2314 2415 2354 [am.

465 2396 532 2456 αἱ
574 2387 645 2452 Ω
696 2428 780 2437 -
822 2390 1147 2458 Πλούτων
1190 2390 1216 2475 ΙΙ
1261 2390 1415 2477 ἅὸης
1460 2394 1514 2458 Ἃ
1558 2430 1644 2440 -
1685 2397 2179 2478 τεθνηξομένων
2223 2394 2243 2474 ΙΙ
2279 2406 2415 2458 τεθ-

466 2497 779 2577 νημὲνων
823 2498 989 2571 (lac.)
1034 2493 1103 2557 Ω
1146 2532 1231 2542 -
1277 2499 1661 2573 συνέβαινεν
1706 2498 1731 2579 ΙΙ
1776 2502 1815 2576 ξ
1857 2497 1912 2562 Ἃ
1955 2534 2038 2544 -
2081 2506 2419 2574 νεανίσκος

466 2597 490 2678 ΙΙ
521 2604 779 2676 νεανίας
820 2598 872 2662 Ἃ
915 2634 999 2643 -
1043 2597 1078 2663 ὃ
1127 2602 1195 2664 δὲ
1234 2607 1349 2664 Πλ.
1394 2596 1801 2681 ἠγανάκτησε
1831 2595 1856 2681 fl
1886 2606 1994 2664 καὶ
2038 2597 2075 2665 ὃ
2119 2598 2419 2678 βασιλεὺς

467 2697 649 2780 ἠγαν.
686 2699 740 2764 Ἃ
782 2735 868 2745 —
909 2696 1058 2765 τότε
1089 2697 1113 2783 ΙΙ
1144 2724 1212 2765 τε
1252 2695 1378 2762 ΩἋ
1420 2735 1505 2744 —
1548 2698 1875 2780 ἀγαγόντα
1907 2698 1932 2783 ΙΙ
1964 2693 2207 2779 ἄγοντα
2255 2702 2303 2763 Ἡ
2339 2739 2415 2743 -

466 2810 650 2867 πεπλ.
701 2822 855 2885 φησι
888 2799 913 2886 ΙΙ
944 2826 1009 2882 φ.
1060 2827 1123 2868 π.
1175 2801 1228 2866 Ἃ
1272 2838 1356 2847 -
1398 2798 1476 2867 τὸ
1520 2809 1690 2884 νῆμα
1734 2800 1877 2867 αὐτ.
1911 2801 1934 2883 ΙΙ
1976 2800 2115 2868 αὐτ.
2159 2831 2209 2867 τ.
2263 2831 2319 2867 ν.
2367 2807 2415 2867 Ἃ

466 2939 551 2949 -
595 2901 669 2986 δὴ
701 2902 728 2987 ΙΙ
757 2923 873 2967 om.
909 2904 963 2969 Ἃ
1006 2940 1090 2949 -
1124 2900 1431 2987 Δημύλον
1463 2901 1488 2987 ΙΙ
1521 2908 1795 2982 ὃίμυλον
1825 2903 1878 2968 Ἃ
1922 2940 2007 2950 --
2050 2903 2171 2987 γὰρ
2219 2935 2267 2967 τ.
2319 2907 2411 2967 [fr.

464 3005 488 3087 ΙΙ
530 3003 649 3072 τὸν
707 3004 849 3088 ἀτρ.
900 3004 1025 3089 γὰρ
1072 3007 1124 3071 Ἃ
1169 3043 1253 3052 —
1293 2999 1412 3089 ἤδη
1460 3003 1484 3089 ΙΙ
1530 3027 1645 3069 om.
1691 3002 1830 3067 ΩΦ
1876 3043 1960 3052 -—
2003 3005 2413 3091 ἀπήγγελλον

463 3106 490 3192 ΙΙ
533 3110 630 3175 ἐπ.
676 3107 730 3171 Ἃ
772 3145 858 3155 --
902 3114 968 3175 δὲ
1020 3104 1126 3176 ἇπ.
1176 3106 1201 3194 ΙΙ
1247 3109 1317 3175 (5'
1363 3110 1415 3174 Ἃ
1461 3145 1546 3155 -
1588 3106 1976 3193 τεθνήξεται
2019 3110 2043 3191 ΙΙ
2087 3163 2099 3177 .
2155 3163 2167 3175 .
2215 3159 2227 3171 .
2275 3139 2411 3175 [affe]

466 3212 521 3276 Ἃ
562 3247 649 3257 -
692 3213 774 3276 ἐν
818 3210 1137 3294 γειτόνων
1185 3211 1208 3296 [Ι
1254 3214 1379 3293 ἐγγ.
1423 3213 1478 3277 Ἃ
1523 3249 1607 3258 —
1650 3220 1872 3279 νοσῶν
1923 3240 1986 3279 τι
2029 3211 2054 3299 ΙΙ
2099 3235 2211 3279 cnm.
2259 3243 2315 3276 τε
2363 3215 2411 3279 Ἃ

466 3321 752 3381 νοσῶντι
794 3312 861 3376 Φ
906 3351 990 3360 -—
1034 3307 1471 3397 ἀπηγγέλλετο
1504 3313 1530 3400 ΙΙ
1562 3334 1596 3378 ε
1639 3366 1654 3381 .
1703 3367 1717 3381 .
1769 3316 1823 3378 Ἃ

464 3407 513 3495 ἢ
556 3410 800 3499 {quom-
845 3408 995 3499 ᾓἋ,
1038 3410 1225 3498 ἦςΩ
1268 3436 1377 3494 pro
1420 3410 1827 3500 ἢῇ-οῧτε
1871 3411 2411 3499 ἐμ.ΙΙοῦ’τ’*ὶ1]-

462 3514 596 3582 ὑπὸ
639 3526 697 3582 λ.
733 3512 823 3599 ΙΙ”
787 3542 937 3584 υπο.
984 3527 1043 3583 λ.
1088 3542 1173 3598 γε
1200 3515 1322 3583 ἋΦ
1354 3555 1439 3564 -
1481 3526 1628 3586 τίνα
1671 3544 1740 3600 γε
1772 3520 1795 3601 ΙΙ
1828 3539 1943 3581 om.
1987 3542 2056 3597 γε
2087 3519 2139 3583 Ἃ
2175 3555 2247 3559 -
2283 3523 2415 3583 ἑι-ἳε

465 3616 791 3701 ραπευσας
826 3618 846 3704 ΙΙ
881 3621 972 3686 ἐθ.
1023 3622 1221 3703 ευσηῬ
1268 3622 1319 3684 Ἃ

244 3742 298 3784 ο.
321 3726 426 3783 27.
458 3724 847 3804 ἐπεισῆλθον
879 3720 904 3805 ΙΙ
936 3723 1227 3805 ἐπηλθον
1271 3724 1325 3788 Ἃ
1368 3760 1454 3769 --
1497 3728 1632 3789 υἱοὶ
1663 3721 1688 3808 fl
1718 3726 1879 3800 υἱεῖς
1912 3722 1964 3787 Ἃ
2007 3758 2091 3767 —-
2135 3715 2247 3803 ἦ-[ἱῌ
2283 3719 2303 3803 Η
2339 3723 2411 3803 ὡς

464 3821 997 3891 Φ-ὁὸὲὲτ.
1042 3823 1180 3908 nd?
1225 3822 1834 3891 Ἃ-τὰπεντεκ.
1882 3823 2064 3909 [lom.
2107 3823 2411 3891 tel-:21-

463 3931 530 3992 ὁὲ
575 3932 759 3993 εἰσεκ.
793 3926 818 4009 ΙΙ
850 3925 922 3991 ‹5'
967 3928 1213 4006 ἑσεκομ.
1261 3928 1314 3993 Ἃ
1357 3964 1442 3973 -
1486 3926 1579 4007 ὡς.
1618 3926 1721 3994 α’λ.
1765 3926 1790 4013 fl
1838 3949 1954 3992 om.
2001 3926 2087 4005 ὡς
2135 3931 2183 3991 Ἃ
2236 3967 2311 3971 -
2359 3923 2415 3991 [ᾗ

472 4040 529 4095 Τ.
579 4055 646 4095 π.
693 4046 762 4094 σε
800 4025 825 4112 ΙΙ
856 4026 1023 4114 πρός
1067 4048 1136 4095 σε
1179 4024 1234 4095 ὦ
1286 4041 1341 4096 T.
1393 4030 1447 4095 21
1491 4066 1575 4076 ——
1620 4029 1778 4097 ἀλλ’
1821 4028 1846 4115 l!
1890 4028 2056 4097 ἀλλὰ
2099 4067 2180 4075 —
2223 4031 2299 4091 vt:-
2347 4055 2415 4107 γ.-
