2867 4525
390 245 516 304 298
1123 245 1501 301 ADNOTATIO
1538 247 1808 302 cR1Tch.

388 440 440 480 c.
511 424 565 484 4.
598 415 635 500 ἢ
682 427 777 504 τῷ
818 423 937 496 μὲν
968 417 1231 499 Ἀχιλλεῖ
1268 416 1652 498 πιστεύομεν
1680 472 1695 486 .
1730 472 1744 487 .
1779 472 1793 487 .
1829 473 1842 487 .
1892 417 2097 501 λόγου
2142 427 2210 488 δὲ
2252 421 2554 506 σπουδὴν

597 518 684 603 μὴ
741 522 1161 586 ἐπιτείνεσθαι
1217 518 1382 604 πρὸς
1442 519 1647 604 κάλλη
1696 529 1964 605 χωρίων
2004 522 2024 608 ΙΙ
2064 524 2283 589 Ιιεῐίιιθ
2332 545 2416 587 an
2460 563 2551 572 --

598 625 659 684 in
704 624 950 701 apodosi
994 628 1189 685 autem
1233 626 1358 685 sine
1401 627 1694 703 particula
1722 626 2101 688 adversativa
2137 629 2221 691 δέ.
2252 629 2435 705 -ἐς
2480 633 2549 693 δὲ

602 722 778 790 οὕτω
823 722 1028 790 καλὸν
1065 731 1316 808 χωρίον
1362 724 1506 791 ούκ
1552 724 1645 792 ἂν
1677 724 2033 806 οἰώμεθα
2064 734 2189 793 καὶ
2219 726 2548 812 ἀκλήτους

600 824 799 905 αύτὰς
844 829 1059 892 ἐλθεῖν
1091 824 1116 910 ΙΙ
1149 826 1293 894 ούκ
1338 825 1680 906 οἰόμεθα
1723 830 1885 896 det.
1935 826 2004 891 Ω

388 949 439 991 c.
512 936 568 992 5.
601 928 749 995 οὐδ’
796 926 1181 1013 ἐφρόντιζον
1225 936 1281 995 εἰ
1308 932 1754 997 ἐπαινέσονται
1785 936 1848 998 οἱ
1876 940 2125 1015 θεαταί,
2170 933 2294 999 ἀλλ
2315 933 2331 956 ’
2363 931 2549 1014 ὅπως

602 1030 1262 1115 ἐκπλαγήσονται.
1352 1033 1451 1095 Sic
1494 1037 1700 1114 optimi
1742 1026 1996 1098 codices.

390 1157 437 1202 c.
474 1142 568 1200 13.
599 1135 642 1201 οἷ
655 1133 755 1201 πὸ
801 1138 1022 1217 ἴυγγος
1053 1132 1076 1218 ΙΙ
1105 1133 1202 1200 ὑπ
1224 1134 1238 1155 ’
1284 1137 1493 1201 Cobet.

389 1258 441 1300 o.
477 1245 571 1301 15.
601 1290 616 1306 .
664 1289 680 1305 .
730 1234 896 1303 ω’στε
951 1242 1059 1302 καὶ
1115 1234 1195 1303 τὰ
1239 1235 1366 1303 ὑπ’
1411 1240 1662 1305 ἐκείνου
1705 1243 2255 1323 παραλελειμμένα
2300 1266 2547 1325 προς-

601 1337 880 1423 θήσειν
921 1365 1054 1418 μοι
1100 1345 1138 1405 δ
1151 1365 1188 1406 ο
1208 1348 1318 1405 xci·
1360 1360 1452 1403 me
1494 1343 1828 1404 additurum
1869 1361 1985 1404 esse
2020 1353 2165 1423 puto
2210 1371 2293 1395 =
2338 1344 2548 1405 addere

601 1442 747 1515 volo,
778 1463 897 1521 qua
926 1444 1162 1505 dicendi
1191 1443 1382 1506 forma
1407 1463 1527 1506 non
1547 1463 1682 1506 raro
1707 1446 1886 1506 utitur
1904 1445 1978 1507 L.
2025 1444 2115 1506 Of.
2141 1442 2324 1510 ἔοικα
2355 1464 2409 1507 ο.
2436 1446 2546 1507 fut.

600 1547 702 1606 Bis
760 1564 958 1607 accus,
1006 1565 1060 1608 o.
1094 1550 1195 1608 25.
1254 1542 1435 1632 ἐῴκει
1492 1544 1684 1611 τοῦτ’
1728 1544 1812 1611 ου’
1854 1543 2123 1629 πράξειν
2167 1575 2254 1598 ==
2297 1547 2546 1611 nolebat.

390 1666 442 1708 o.
475 1653 570 1711 18.
602 1643 823 1730 ω’σπερ
881 1645 964 1713 ἂν
1008 1650 1070 1712 εἴ
1112 1673 1209 1726 τις
1265 1699 1280 1713 .
1341 1698 1356 1714 .
1413 1698 1427 1713 .
1484 1699 1498 1714 .
1558 1645 1744 1727 ἐνδὺς
1796 1651 2014 1714 ἔπειτα
2060 1647 2308 1729 φεύγοι.
2403 1653 2549 1713 Post

601 1753 874 1830 particip.
932 1771 1055 1813 aor.
1119 1753 1232 1813 ista
1285 1753 1497 1814 iterata
1538 1754 1820 1829 temporis
1862 1753 2213 1831 significatio
2266 1753 2403 1820 εἶτα
2448 1756 2550 1816 vel

604 1851 836 1919 ἔπειτα.

390 1975 438 2021 o.
475 1962 571 2018 19.
602 1962 845 2022 λίθινοι
892 1958 1227 2036 ἐγίγνοντο
1272 1954 1429 2022 α’πὸ
1473 1954 1812 2036 θαύματος
1843 1954 1867 2041 ΙΙ
1896 1955 2057 2023 ὑπὸ
2097 1959 2241 2024 coh.

390 2078 444 2118 c.
472 2063 572 2120 20.
604 2055 1092 2141 παραστήσομαι
1125 2055 1149 2142 ΙΙ
1189 2056 1676 2142 παρασχήσομαι
1723 2060 1869 2123 Oob.
1914 2097 2001 2107 —-
2040 2066 2334 2126 πείσεσθε
2363 2058 2389 2140 ΙΙ
2421 2065 2552 2124 πεί-

601 2168 798 2227 θεσθε
843 2160 987 2224 Oob.

395 2282 444 2328 o.
476 2268 576 2325 23.
607 2259 700 2328 τω
760 2270 981 2329 νεανία
1034 2259 1129 2328 τὼ
1178 2265 1412 2346 ἑταίρω
1455 2259 1758 2346 Πυλάδης
1800 2288 1867 2329 τε
1910 2260 1945 2329 ὃ
2001 2274 2073 2330 Φ.
2118 2269 2227 2329 καὶ
2274 2260 2554 2347 Ὀρέστης

608 2369 824 2430 δοκῶν
868 2358 985 2446 ἤδη
1030 2363 1339 2430 τεθνάναι
1369 2363 1881 2449 παρελθόντε
1911 2362 2002 2431 τὰ
2028 2371 2391 2444 βασίλεια
2422 2371 2554 2430 καὶ

606 2463 958 2532 λαθόντε
1003 2465 1401 2547 φονεύουσιν
1446 2461 1643 2548 ἄμφω
1687 2495 1740 2535 τ.
1790 2469 2109 2549 Αἴγισθον
2139 2467 2164 2550 fl
2195 2464 2557 2535 λαθόντε

607 2566 686 2636 τὰ
726 2576 1018 2648 βασίλεια
1065 2566 1419 2650 φονεύουσι
1464 2564 1659 2651 ἄμφω
1703 2572 1866 2637 81)ᾱί
1956 2571 2079 2633 Aut
2121 2572 2277 2633 enim
2321 2580 2557 2654 παρελ-

605 2669 803 2738 θόντε
845 2677 948 2734 aut
988 2669 1271 2738 λαθόντε
1315 2675 1770 2752 expungendum
1815 2678 1961 2752 erat,
2009 2674 2167 2750 quod
2212 2675 2557 2735 alterutrum

607 2775 894 2855 abundat;
942 2777 1111 2838 omisi
1151 2778 1329 2854 igitur
1372 2773 1899 2859 παρελθόντε.
1931 2809 2018 2821 --
2045 2771 2262 2855 ὥσπερ
2301 2781 2554 2853 βοῶσιν

606 2873 624 2960 ΙΙ
666 2877 916 2939 clamare
958 2879 1252 2943 videntur..

396 3002 448 3044 c.
476 2987 570 3046 30.
609 2977 932 3058 Ὀδυσσεὺς
984 2977 1062 3046 τὸ
1116 2978 1277 3058 μετὰ
1333 2988 1535 3046 τοῦτο
1592 2985 1832 3062 δῆθεν
1884 2981 2209 3058 (videlieet)
2252 2976 2556 3061 μεμηνὼς

608 3078 738 3147 ὅτε
783 3080 1200 3162 στρατεύει
1248 3126 1263 3144 .
1310 3080 1440 3164 .μή
1486 3085 1704 3148 θέλων
1735 3080 1760 3162 ΙΙ
1791 3078 1926 3147 ἅτε
1955 3077 2425 3164 στρατεύειν
2472 3124 2488 3143 .
2539 3125 2554 3143 .

605 3184 689 3266 μὴ
735 3187 952 3250 θέλων
997 3185 1165 3247 det.
1212 3186 1358 3249 0011.

1051 3541 1413 3610 LUOIANI
1457 3540 1898 3609 MAOROBII.

1206 3680 1341 3743 Cod.
1393 3679 1546 3747 Gorl.
1582 3708 1662 3731 =
1692 3676 1747 3740 A

397 3820 449 3860 c.
516 3805 551 3861 2
608 3801 670 3877 ἐς
727 3795 1118 3865 σύννοιαν
1162 3795 1373 3881 ἦλθον
1417 3798 1441 3880 ΙΙ
1488 3796 1750 3865 ἔννοιαν
1795 3800 1938 3861 Gob.
1990 3834 2075 3843 —
2131 3790 2366 3863 οὗτοι
2425 3800 2489 3861 δὲ
2531 3793 2551 3880 ΙΙ

611 3893 794 3964 οὗτοι
839 3919 955 3977 quo
990 3903 1231 3964 iteratur
1257 3902 1627 3979 praecedens
1656 3903 1982 3964 subiectum
2012 3902 2076 3964 οἱ
2106 3896 2548 3980 ποιησάμενοι,

613 4002 851 4062 effertur
892 4002 1091 4063 addito
1135 4005 1216 4067 δέ.
