2867 4525
1174 205 1624 259 ΦΙΛΟΨΕΥΔΗΣ.
2392 206 2472 265 87

313 377 610 462 γελοῖον,·
665 374 726 442 εἰ
782 377 1042 463 Κρῆτες
1093 376 1213 460 μὲν
1262 379 1382 442 τοῦ
1437 372 1610 454 Διὸς
1664 374 1883 464 τάφον
1940 374 2305 454 δεικνύντες
2361 370 2479 443 οὐκ

319 476 765 560 αἰσχύνονται,
791 470 1152 567 Ἀθηναῖοι
1176 478 1247 544 δὲ
1277 471 1824 562 τὸνἘριχθόνιον
1856 475 1925 543 ἐκ
1947 480 2063 565 τῆς
2083 481 2201 566 γῆς
2231 472 2476 545 άναδο-

312 583 533 668 θῆναί
575 602 746 667 φασι
776 583 889 647 καὶ
917 579 1074 659 τοὺς
1104 578 1418 668 πρώτους
1463 572 1876 666 ἀνθρώπους
1920 577 1989 646 ἐκ
2029 583 2147 669 τῆς
2168 574 2478 667 Ἀττικῆς

317 675 656 769 άναφῦναι
698 681 1015 769 καθάπερ
1045 680 1129 749 τὰ
1162 681 1431 765 λάχανα,
1478 678 1656 747 πολὺ
1690 681 2084 769 σεμνότερον
2117 677 2302 750 οὗτοι
2344 708 2477 749 των

322 788 661 870 Θηβαίων,
710 788 777 851 οἳ
820 782 957 862 ἐξ”
919 809 1143 873 οφεως
1170 779 1465 851 ὀδόντων
1495 783 1852 870 Σπαρτούς
1879 809 2067 863 τινας
2105 778 2477 871 άναβεβλα-

231 899 295 950 32
322 891 635 971 στηκέναι
689 886 1089 975 διηγοῦνται.
1177 885 1252 964 ὃς
1305 880 1365 953 δ’
1434 914 1516 954 αν
1582 911 1698 953 ουν
1757 888 1965 953 ταῦτα
2019 888 2478 974 καταγέλαστα

313 1012 481 1054 οντα
523 987 613 1075 μὴ
664 987 892 1077 οἴηται
937 982 1163 1079 ἆληθῆ
1210 985 1403 1071 εἶναι,
1451 983 1598 1056 ἀλλ’
1649 978 2076 1077 ἐμφρόνως
2032 1016 2113 1056 αν
2158 988 2477 1070 ἐξετάζων

313 1093 530 1156 ταῦτα
574 1096 911 1176 Κοροίβου
961 1089 1143 1170 τινὸς
1195 1081 1237 1179 ἢ
1281 1096 1638 1177 Μαργίτου
1683 1090 1914 1180 νομίζῃ
1967 1088 2042 1157 τὸ
2090 1097 2478 1160 πείθεσθαι

313 1180 361 1278 ἢ
400 1191 863 1278 Τριπτόλεμον
907 1192 1148 1262 ἐλάσαι
1192 1192 1305 1261 διὰ
1336 1196 1457 1260 τοῦ
1487 1186 1684 1275 άέρος
1720 1191 1837 1260 ἐπὶ
1882 1192 2260 1281 δρακόντων
2303 1190 2477 1261 ὓπο-

315 1298 584 1379 πτέρων
611 1283 655 1379 ἢ
676 1297 879 1361 Πᾶνα
908 1287 1088 1384 ἥκειν
1120 1294 1192 1377 ἐξ
1208 1290 1569 1383 Ἀρκαδίας
1599 1295 1942 1380 σύμμαχον
1973 1295 2040 1375 ἐς
2063 1299 2478 1384 Μαραθῶνα

314 1384 359 1484 ἢ
384 1389 771 1481 Ὠρείθυιαν
803 1392 936 1466 ὗπὸ
970 1401 1089 1465 τοῦ
1119 1402 1375 1484 Βορέου
1407 1392 1958 1484 άναρπασθῆναι,
2005 1392 2251 1486 ἀσεβὴς
2282 1392 2477 1477 οὗτός

313 1522 389 1584 γε
432 1500 545 1564 καὶ
592 1491 875 1588 ἀνόητος
906 1494 1133 1579 αὐτοῖς
1162 1500 1384 1579 ἔδοξεν
1416 1495 1590 1568 οῧτω
1636 1499 2003 1590 προδήλοις
2044 1504 2155 1569 καὶ
2187 1495 2477 1588 ἀληθέσι

313 1599 710 1685 πράγμασιν
756 1595 1094 1669 άπιστιῦν·
1141 1602 1208 1682 ἐς
1251 1607 1574 1670 τοσοῦτον
1620 1601 1967 1688 ἐπικρατεῖ
2008 1600 2085 1669 τὸ
2131 1603 2402 1688 ψεῦδος.

488 1710 549 1766 4.
598 1708 795 1769 ΦΙΛ.
834 1697 1021 1771 Ἀλλ’
1057 1705 1124 1772 οἱ
1152 1705 1274 1788 μὲν
1303 1710 1605 1792 ποιηταί,
1645 1690 1702 1770 ὦ
1738 1703 2048 1793 Τυχιάδη,
2092 1709 2204 1774 καὶ
2237 1705 2310 1771 αἱ
2340 1698 2472 1771 πό·
2506 1714 2546 1767 4

317 1805 457 1882 λεις
502 1805 575 1872 δὲ
622 1805 1005 1894 συγγνώμης
1034 1805 1414 1893 τυγχάνοιεν
1448 1800 1548 1888 ἄν,
1596 1807 1812 1890 οἱμὲν
1847 1804 1922 1874 τὸ
1973 1806 2042 1874 ἐκ
2085 1809 2205 1873 τοῦ
2247 1806 2475 1892 μύθου

312 1905 606 1991 τερπνὸν
630 1906 1145 1994 ἐπαγωγότατον
1170 1898 1247 1976 ὂν
1275 1906 1857 1995 ἐγκαταμιγνύντες
1878 1912 1963 1998 τῇ
1982 1912 2233 1999 γραφῇ,
2266 1902 2476 1996 οὗπερ

313 2006 614 2091 μάλιστα
667 2008 931 2079 δέονται
990 2010 1166 2099 πρὸς
1220 2007 1375 2088 τοὺς
1433 2003 1792 2096 ἀκροατάς,
1844 2005 2204 2100 Ἀθηναῖοι
2250 2012 2322 2078 δὲ
2363 2013 2476 2078 καὶ

320 2113 614 2196 Θηβαῖοι
656 2115 766 2179 καὶ
812 2112 880 2179 εἴ
915 2138 1093 2192 τινες
1137 2108 1330 2180 ἄλλοι
1368 2118 1771 2201 σεμνοτέρας
1816 2110 2313 2202 ἀποφαίνοντες
2354 2112 2478 2191 τὰς

313 2211 655 2298 πατρίδας
684 2212 753 2281 ἐκ
782 2217 916 2282 τῶν
944 2215 1284 2285 τοιούτων.
1362 2216 1422 2285 εἰ
1449 2221 1609 2304 γοῦν
1652 2241 1757 2295 τις
1787 2212 2029 2307 ἀφέλοι
2058 2215 2142 2283 τὰ
2185 2215 2473 2306 μυθώδη

314 2316 531 2381 ταῦτα
577 2313 646 2381 ἐκ
687 2324 806 2406 τῆς
827 2313 1157 2398 Ἑλλάδος,
1203 2313 1394 2388 οὐδὲν
1440 2311 1522 2387 ὃν
1566 2318 1886 2388 κωλύσειε
1930 2322 2107 2406 λιμῷ
2148 2318 2306 2398 τοὺς
2349 2343 2475 2386 πε·-

315 2416 635 2506 ριηγητὰς
701 2414 918 2486 αὐτῶν
986 2421 1458 2512 διαφθαρῆναι
1522 2424 1690 2512 μηδὲ
1758 2421 2008 2506 ἀμισθὶ
2074 2424 2205 2488 τῶν
2274 2420 2476 2501 ξένων

230 2536 293 2586 33
313 2513 613 2610 τάληθὲς
634 2519 898 2591 ἀκούειν
922 2522 1405 2613 ἐθελησόντων.
1474 2524 1540 2591 οἱ
1565 2525 1637 2590 δὲ
1663 2524 1831 2612 μηδὲ
1850 2531 2013 2607 μιᾶς
2036 2522 2224 2590 ἕνεκα
2244 2524 2475 2591 τοιαύ-

311 2647 432 2710 της
466 2623 686 2703 αἰτίας
717 2618 900 2709 3μως
919 2632 1266 2713 χαίροντες
1288 2630 1385 2713 τῷ
1407 2622 1751 2712 ψεύσματι
1774 2627 2169 2712 παγγέλοιοι
2201 2623 2475 2703 εἰκότως

321 2725 577 2792 δοκοῖεν
625 2722 725 2794 ἄν.

486 2836 543 2896 5.
597 2836 804 2896 TYX.
849 2815 945 2897 Εὖ
1001 2831 1237 2916 λέγεις·
1302 2826 1426 2915 ἐγώ
1479 2828 1604 2916 γὰρ
1658 2826 1848 2913 παρὰ
1902 2820 2279 2915 Εὐκράτους
2332 2826 2470 2914 ἥκω
2505 2839 2544 2895 5

312 2952 426 2999 σοι
456 2935 575 2999 τοῦ
605 2931 785 2999 πάνυ
814 2930 1035 2998 πολλὰ
1071 2929 1156 2997 τὰ
1189 2926 1451 3000 ἄπιστα
1481 2933 1591 2998 καὶ
1621 2929 1907 3019 μυθώδη
1942 2923 2257 3009 ἀκούσας·
2301 2931 2474 3015 μᾶλ-

313 3036 430 3100 λον
492 3035 563 3101 δὲ
616 3032 862 3119 μεταξὺ
923 3036 1290 3120 λεγομένων
1346 3031 1574 3101 ἀπιών
1626 3026 1892 3120 ᾠχόμην
1953 3026 2032 3100 οὗ
2077 3037 2302 3121 φέρων
2353 3035 2475 3099 τοῦ

310 3133 711 3223 πράγματος
763 3135 880 3223 τὴν
933 3131 1344 3224 ὑπερβολήν,
1414 3129 1587 3202 άλλά
1643 3161 1727 3220 με
1780 3127 2011 3222 ὥσπερ
2075 3136 2147 3203 αἱ
2190 3128 2474 3222 Ἐρινύες

313 3236 644 3326 ἐξήλασαν
687 3236 912 3305 πολλὰ
955 3239 1279 3324 τεράστια
1319 3241 1431 3305 καὶ
1481 3234 1811 3305 ἀλλόκοτα
1857 3236 2237 3316 διεξιόντες.

487 3346 686 3407 ΦΙΛ.
761 3346 1035 3421 Καίτοι,
1096 3326 1149 3405 ὦ
1208 3340 1531 3427 Τυχιάδη,
1593 3333 1991 3418 ἀξιόπιστος
2041 3335 2076 3405 ὃ
2135 3332 2473 3424 Εὐκράτης

311 3442 455 3510 ἐστὶ
485 3446 598 3510 καὶ
627 3432 925 3521 οὗδεὶς”
881 3469 961 3509 αν
1009 3438 1163 3509 οὐδὲ
1195 3441 1615 3509 πιστεύσειεν
1648 3438 1737 3518 ὥς
1767 3440 2013 3517 ἐκεῖνος
2042 3432 2217 3506 ούτω
2245 3438 2472 3524 βαθὺν

308 3545 608 3632 πώγωνα
637 3550 1040 3629 καθειμένος
1070 3537 1606 3661 ἕξηκοντούτης’
1572 3541 1755 3629 ανήρ,
1803 3541 1903 3609 ε’τι
1931 3544 2044 3609 καὶ
2091 3544 2471 3631 φιλοσοφίᾳ

311 3646 522 3726 ξυνών
543 3646 627 3713 τὰ
655 3646 897 3729 πολλά,
922 3642 1347 3729 ὑπομείνειεν
1379 3673 1460 3712 αν
1482 3647 1594 3710 καὶ
1619 3640 1822 3710 αλλου
1847 3642 2030 3722 τινός
2050 3645 2469 3730 ψευδομένου

311 3745 597 3816 ἀκοῦσαι
640 3749 901 3834 παρών,
947 3741 1063 3830 οὐχ
1107 3738 1297 3824 όπως
1346 3740 1546 3825 αὐτός
1588 3773 1657 3815 τι
1698 3745 2052 3834 τολμήσειε
2094 3751 2420 3816 τοιοῦτον.

492 3858 698 3919 TYX.
753 3849 847 3918 Οὐ
888 3847 1017 3973 γὰρ
1055 3845 1286 3924 οἶσθα,
1335 3874 1386 3913 ω
1418 3847 1659 3933 ἑταῖρε,
1706 3846 1818 3915 οἶα
1859 3849 1982 3933 μὲν
2027 3846 2234 3932 εἶπεν,
2282 3844 2472 3930 όπως

309 3952 388 4021 δὲ
435 3949 602 4020 αὑτὰ
650 3952 1099 4034 ἐπιστώσατο,
1146 3974 1237 4028 ως
1283 3950 1355 4017 δὲ
1398 3949 1571 4020 καὶ’
1543 3944 1891 4034 επώμνυτο
1935 3966 2077 4031 τοῖς
2122 3955 2468 4030 πλείστοις
