2867 4525
723 267 874 321 ΠΕΡΙ
909 267 1038 323 ΤΟΥ
1071 268 1168 322 ΜΗ
1205 267 1365 322 ΡΑιΔ.
1400 268 1569 322 mm.
1604 268 1920 323 ΔΙΑΒΟΛΗι.
2285 272 2406 329 141

234 439 359 503 τοῦ
404 438 769 524 βασιλέως,
833 429 984 504 ἀλλ’
1054 434 1539 526 ἀντισοφισττς
1582 465 1676 505 ων
1719 443 1828 506 καὶ
1880 437 2257 524 ἀντίτεχνος
2298 445 2417 529 τῆς

236 539 675 622 Πτολεμαίου
732 543 1009 628 τρυφῆς.
1118 546 1214 608 17.
1276 538 1465 624 παρὰ
1533 541 1606 607 δὲ
1656 537 2077 628 Ἀλεξάνδρῳ
2135 547 2411 632 μεγίστη
2449 552 2514 607 17

128 654 222 706 148
247 639 420 708 ποτὲ
463 643 707 709 πασιῦν
752 667 835 707 αν
866 639 1145 729 διαβολὴ
1191 643 1471 727 λέγοιτο,
1518 641 1581 710 εἰ
1615 643 1873 729 λέγοιτό
1905 667 2011 721 τις
2052 644 2142 732 μὴ
2194 650 2415 729 σέβειν

241 741 413 829 μηδὲ
469 756 867 826 προσκυνεῖν
931 742 1051 810 τὸν
1099 739 1600 832 Ἡφαιστίωνα·
1664 744 1816 812 ἐπεὶ
1879 742 2007 831 γὰρ
2065 739 2415 814 ἀπέθανεν

233 839 677 932 Ἡφαιστίων,
723 839 858 911 §ab
904 848 1024 912 τοῦ
1068 844 1316 931 ἔρωτος
1341 839 1778 933 Ἀλέξανδρος
1823 844 2161 936 ἐβουλήθη
2204 873 2415 934 προς·

241 950 476 1012 θεῖναι
519 946 632 1012 καὶ
675 949 876 1014 τοῦτο
907 950 991 1036 τῆ
1036 948 1247 1036 λοιπῇ
1288 948 1740 1069 μεγαλουργίᾳ
1782 945 1939 1037 [καὶ]
1984 947 2153 1017 θεὸν
2195 974 2414 1035 χειρο-

239 1049 527 1132 τονῆσαι
553 1046 674 1114 τὸν
702 1048 1232 1138 τετελευτηκότα.
1309 1047 1517 1129 εὐθὺς
1562 1036 1678 1118 οῦν
1720 1050 1883 1131 νεώς
1925 1076 1999 1118 τε
2043 1043 2414 1140 ἀνέστησαν

244 1149 318 1217 αἱ
363 1148 602 1227 πόλεις
644 1152 757 1217 καὶ
809 1155 1043 1239 τεμένη
1101 1151 1507 1237 καθιδρύετο
1564 1155 1677 1221 καὶ
1717 1157 1939 1240 βωμοὶ
1996 1157 2110 1223 καὶ
2167 1159 2416 1222 θυσίαι

239 1253 355 1318 καὶ
400 1249 628 1338 ἑορταὶ
672 1254 771 1339 τῷ
813 1260 1021 1339 καινῷ
1065 1252 1279 1341 τούτῳ
1327 1257 1475 1341 θεῷ
1532 1253 1994 1336 ἐπετελοῦντο,
2053 1259 2164 1324 καὶ
2210 1251 2246 1323 ό
2293 1261 2414 1341 μέ-

238 1376 472 1440 γιστος
502 1340 765 1440 ὅρκοςῖ
725 1380 805 1440 ην
836 1353 1095 1422 απασιν
1119 1350 1558 1444 Ἡφαιστίων.
1626 1355 1688 1424 εἰ
1733 1357 1805 1424 δέ
1833 1381 1939 1434 τις
1967 1347 2010 1446 ἢ
2039 1357 2413 1442 μειδιάσειε

239 1454 420 1543 πρὸς
463 1453 548 1521 τὰ
593 1449 910 1542 γινόμενα
954 1447 995 1542 ἢ
1037 1457 1127 1544 μὴ
1175 1462 1493 1545 φαίνοιτο
1531 1457 1711 1526 πάνυ
1757 1453 2067 1544 εὐσεβῶν,
2112 1458 2416 1538 θάνατος

238 1557 547 1627 ἐπέκειτο
588 1554 644 1646 ᾗ
719 1557 937 1647 ζημία.
1036 1555 1628 1644 ὑπολαμβάνοντες
1691 1560 1763 1626 δε
1830 1560 1896 1626 οἱ
1961 1558 2236 1638 κόλακες
2293 1559 2413 1647 τὴν

237 1658 649 1749 μειρακιώδη
709 1661 955 1749 ταύτην
1010 1664 1129 1729 τοῦ
1164 1653 1611 1745 Ἀλεξάνδρου
1666 1660 2045 1744 ἐπιθυμίαν
2089 1658 2414 1743 προσεξέ-

235 1786 433 1829 καιον
486 1754 693 1839 εύθύς
744 1764 854 1830 καὶ
915 1755 1380 1849 ἀνεζωπύρουν
1441 1756 1755 1847 ὀνείρατα
1811 1761 2236 1851 διηγούμενοι
2292 1765 2414 1828 τοῦ

230 1860 752 1952 Ἡφαιστίωνος,
786 1862 1190 1953 ἐπιφανείας
1217 1862 1426 1946 τινάς,
1471 1868 1584 1933 καὶ
1618 1864 1871 1950 ἰάματα
1901 1863 2415 1951 προσάπτοντες

243 1958 433 2051 αὐτῷ
489 1968 602 2034 καὶ
649 1972 971 2050 μαντείας
1015 1966 1565 2056 ἐπιφημίζοντες·
1623 1970 1735 2036 καὶ
1788 1969 1979 2046 τέλος
2024 1966 2230 2035 ἔθυον
2275 1992 2413 2033 πα-

143 2084 225 2136 149
245 2067 467 2155 ρέδρῳ
522 2072 634 2137 καὶ
690 2062 1056 2156 ἀλεξικάκῳ
1113 2071 1283 2154 θεῷ.
1371 2064 1408 2135 ὅ
1471 2069 1543 2137 δὲ
1589 2063 2033 2155 Ἀλέξανδρος
2085 2067 2281 2156 ἥδετό
2338 2093 2413 2136 τε

236 2165 503 2237 ἀκούων
529 2171 644 2236 καὶ
672 2169 757 2236 τὰ
787 2172 1134 2238 τελευταῖα
1165 2168 1478 2238 ἐπίστευε
1509 2174 1623 2239 καὶ
1664 2176 1835 2259 μέγα
1866 2169 2136 2259 ἐφρόνει
2166 2170 2412 2238 ὡσανεὶ

236 2269 318 2340 ού
367 2275 536 2340 θεοῦ
581 2286 748 2351 παῖς
779 2263 869 2340 ὢν
899 2267 1122 2357 μόνον,
1171 2272 1342 2340 ἀλλὰ
1377 2276 1488 2342 καὶ
1520 2274 1727 2354 θεοὺς
1755 2287 1985 2343 ποιεῖν
2029 2272 2410 2358 δυνάμενος.

235 2373 503 2452 πόσους
544 2381 771 2441 τοίνυν
816 2373 1110 2457 οἰόμεθα
1154 2379 1288 2444 τῶν
1312 2369 1752 2464 Ἀλεξάνδρου
1795 2379 2013 2467 φίλων
2056 2374 2248 2463 παρὰ
2292 2373 2412 2442 τὸν

235 2474 476 2560 καιρὸν
541 2474 789 2543 ἐκεῖνον
857 2472 1248 2545 ἀπολαῦσαι
1315 2480 1434 2563 τῆς
1492 2473 1990 2566 Ἡφαιστίωνος
2059 2478 2408 2567 θεότητος,

238 2578 742 2664 διαβληθέντας
800 2573 892 2656 ὥς
949 2570 1026 2644 ού
1082 2581 1332 2661 τιμῶσι
1388 2577 1508 2645 τὸν
1562 2578 1787 2647 κοινὸν
1844 2576 2163 2647 ἀπάντων
2220 2579 2409 2659 θεόν,

238 2682 356 2747 καὶ
404 2680 518 2746 διὰ
563 2682 760 2747 τοῦτο
807 2678 1249 2758 ἐξελαθέντας
1290 2682 1403 2745 καὶ
1447 2682 1566 2767 τῆς
1608 2683 1728 2747 τοῦ
1769 2682 2105 2759 βασιλέως
2149 2673 2411 2757 εύνοίας

238 2780 684 2865 ἐκπεσόνταςς
730 2786 825 2851 18.
874 2781 1028 2850 τότε
1065 2784 1177 2849 καὶ
1199 2776 1621 2872 Ἀγαθοκλῆς
1665 2777 1701 2848 ὃ
1733 2779 1990 2864 Σάμιος
2033 2781 2407 2866 ταξιαρχῶν
2441 2798 2511 2853 18

236 2877 412 2972 παρ’
456 2879 879 2971 Ἀλεξάνδρῳ
935 2886 1050 2951 καὶ
1091 2883 1465 2969 τιμώμενος
1517 2876 1686 2969 παρ’
1740 2875 1944 2950 αὐτοῦ
1985 2886 2225 2970 μικροῦ
2269 2883 2409 2952 δεῖν

235 2990 743 3075 συγκαθείρχθη
777 2988 996 3053 λέοντι
1027 2985 1425 3074 διαβληθεὶς
1453 2978 1562 3053 ὅτι
1602 2984 1950 3072 δακρύσειε
1977 2983 2247 3071 παριὼν
2289 2983 2409 3053 τὸν

228 3085 732 3176 Ἡφαιστίωνος
773 3088 1014 3176 τάφον.
1103 3081 1257 3154 ἀλλ’
1307 3087 1539 3176 ἐκείνῳ
1594 3088 1715 3172 μὲν
1757 3089 2104 3178 βοηθῆσαι
2148 3090 2409 3174 λέγεται

141 3200 220 3254 150
239 3189 622 3273 Περδίκκας
687 3189 1195 3275 ἐπομοσάμενος
1247 3189 1415 3259 κατὰ
1483 3189 1759 3259 πάντων
1823 3193 2010 3258 θεῶν
2063 3192 2176 3258 καὶ
2240 3191 2409 3258 κατὰ

228 3287 749 3379 Ἡφαιστίωνος,
794 3284 903 3359 ὅτι
948 3290 1025 3377 δὴ
1057 3298 1519 3380 κυνηγετοῦντί
1556 3293 1623 3360 οἱ
1670 3297 1967 3381 φανέντα
2012 3291 2250 3381 ἐναργῆ
2291 3293 2409 3360 τὸν

236 3391 409 3461 θεὸν
476 3390 858 3483 ἐπισκῆψαι
922 3393 1140 3471 εἰπεῖν
1190 3392 1611 3482 Ἀλεξάνδρῳ
1675 3398 2060 3483 φείσασθαι
2110 3387 2410 3478 ’Λγαθο-

236 3497 498 3574 κλέους·
533 3489 610 3562 ού
639 3495 766 3582 γὰρ
799 3491 892 3574 ὥς
921 3489 1340 3564 ἀπιστοῦντα
1365 3493 1522 3564 οὐδὲ
1550 3491 1643 3574 ὥς
1673 3494 1790 3563 ἐπὶ
1822 3497 2030 3580 νεκρῷ
2062 3494 2407 3580 δακρῦσαι,

240 3596 411 3666 ἀλλὰ
465 3601 585 3687 τῆς
644 3598 865 3666 πάλαι
918 3602 1282 3685 συνηθείας
1335 3596 1901 3687 μνημονεύσαντα.
1995 3603 2092 3664 19.
2150 3591 2191 3685 ἡ
2247 3598 2407 3683 γοῦν
2442 3612 2513 3668 19

238 3702 553 3768 κολακεία
596 3702 710 3768 καὶ
739 3696 780 3788 ἢ
814 3697 1094 3788 διαβολὴ
1139 3699 1295 3767 τότε
1322 3700 1620 3784 μάλιστα
1655 3697 1877 3784 χώραν
1922 3697 2071 3781 ἔσχε
2112 3695 2287 3785 πρὸς
2328 3696 2406 3767 τὸ

232 3798 674 3886 Ἀλεξάνδρου
705 3801 942 3880 πάθος
973 3807 1450 3891 συντιθεμένη·
1493 3800 1812 3886 καθάπερ
1840 3796 1965 3886 γὰρ
2014 3798 2082 3867 έν
2125 3803 2409 3889 πολιορ-

239 3909 353 3994 κίᾳ
409 3903 529 3971 οὐκ
572 3902 689 3971 ἐπὶ
745 3901 831 3970 τὰ
889 3898 1118 3991 ὑψηλὰ
1177 3905 1290 3971 καὶ
1345 3898 1746 3992 ἀπόκρημνα
1799 3905 1913 3969 καὶ
1972 3896 2245 3993 ἀσφαλῆ
2288 3906 2409 3971 τοῦ

242 4013 499 4090 τείχους
543 4012 913 4092 προσίασιν
971 4005 1038 4072 οἱ
1083 4007 1435 4089 πολέμιοι,
1494 3998 1644 4072 ἀλλ’
1694 3998 1739 4094 ᾗ
1785 3994 1868 4072 ἀν
1912 3997 2296 4092 ἀφύλακτόν
2340 4029 2409 4071 τι
