2867 4525
450 269 574 328 276
1183 263 1564 318 ADNOTATIO
1601 262 1874 316 cm‘rmA.

449 463 502 504 c.
536 447 630 504 18.
660 436 740 506 τὰ
764 439 831 505 δ’
855 431 1021 505 ἷὶλλα
1045 484 1061 500 .
1090 483 1107 499 .
1132 433 1353 519 διδάξῃ
1375 460 1467 514 με.
1495 488 1507 502 .
1539 432 1815 501 ἕκαστον
1839 437 1908 500 έν
1931 443 2028 521 τῷ
2053 438 2227 517 μέρει
2259 431 2285 516 Η
2317 435 2399 499 έν
2429 441 2532 520 τῷ
2559 459 2621 512 μ,

662 544 736 604 de
780 544 1071 622 personis,
1118 558 1271 618 quae
1313 542 1567 600 invicem
1612 539 1833 615 aliquid
1878 538 2121 615 faciunt,
2169 538 2239 600 ἐν
2281 538 2498 617 μέρει
2550 538 2627 600 de

662 647 859 725 rebuS,
904 662 1058 722 quae
1104 644 1356 704 invicem
1392 641 1539 702 fiunt
1568 640 1639 705 cf.
1676 658 1728 700 c.
1769 645 1859 705 19.
1896 643 2196 719 λέγουσιν
2227 641 2297 703 ἐν
2326 646 2420 724 τῷ
2446 642 2630 720 μέρει

665 767 719 808 c.
768 753 869 809 40.
915 743 1006 823 ὡς
1062 750 1172 809 καὶ
1219 740 1420 820 αὐτὸς
1465 744 1536 807 ἐν
1578 750 1674 827 τῷ
1715 746 1888 824 μέρει
1935 745 2261 823 διεξέλθης
2305 778 2390 788 -
2433 745 2500 805 εἰ
2541 739 2627 806 τὰ

662 846 820 927 μετὰ
861 854 1067 913 ταῦτα
1111 843 1326 912 πολλὰ
1372 845 1733 928 ἐπιῤῥέοι
1819 842 1916 926 ἢν
1956 891 1972 907 .
2021 896 2034 910 .
2086 896 2100 910 .
2152 846 2420 929 ἐπιρρέῃ
2463 839 2535 903 Ω

454 982 506 1025 c.
540 969 634 1026 19.
668 958 814 1028 οἶδά
838 978 946 1027 σοι
968 985 1007 1025 κ
1026 966 1102 1025 αὶ
1127 962 1230 1025 ἐπὶ
1252 955 1515 1037 τούτοις
1547 956 1571 1042 ΙΙ
1603 978 1718 1022 om.
1742 964 1875 1023 καὶ
1905 954 1976 1020 Ω
2000 993 2085 1005 -
2113 963 2408 1023 δείνωσιν
2438 969 2625 1020 terro-

666 1083 808 1134 rem.
850 1083 1044 1125 rarum
1089 1063 1205 1123 hoc
1250 1081 1426 1124 sensu
1455 1061 1809 1122 vocabulum
1837 1095 1921 1107 ·-
1951 1057 1990 1125 ὃ
2025 1059 2466 1142 Ἀρεοπαγίτης
2495 1058 2626 1139 ἐγὼ

668 1171 915 1229 τοῦτο
946 1160 1066 1244 γὰρ
1098 1158 1262 1228 ἔθου
1290 1185 1367 1239 με
1399 1159 1422 1244 ΙΙ
1453 1168 1757 1228 τοῦτον
1787 1161 1950 1224 det.
1984 1164 2419 1239 Areopagitam.
2483 1164 2627 1222 Non

670 1268 824 1327 enim
878 1267 953 1326 de
1008 1268 1245 1326 nomine
1306 1265 1414 1326 sed
1458 1264 1533 1326 de
1576 1284 1817 1326 munere
1861 1268 2054 1342 agitur
2098 1265 2174 1325 cf.
2218 1270 2434 1329 θεῖναί
2474 1289 2627 1329 τινα

669 1363 994 1450 αἰχμήτήιι
1021 1368 1196 1429 Hom.
1243 1368 1313 1429 11.
1359 1369 1406 1428 1.
1461 1373 1596 1433 196.

457 1504 504 1551 c.
536 1489 637 1546 20.
667 1479 1014 1564 μαθήματα
1057 1488 1165 1546 καὶ
1195 1479 1604 1562 γυμνάσια
1637 1479 1660 1565 ΙΙ
1692 1488 2140 1562 γυμνασίας
2172 1484 2629 1545 exercitationes

669 1586 835 1649 det.
881 1587 953 1651 cf.
1004 1587 1080 1647 ad
1118 1605 1171 1646 c.
1206 1589 1263 1646 8.
1308 1604 1502 1663 paras,
1539 1604 1586 1650 c.
1627 1592 1683 1647 6.
1731 1619 1815 1630 -
1860 1583 1960 1649 αυ’
1972 1581 2059 1650 τὸ
2102 1581 2312 1662 μόνον
2358 1593 2565 1663 φῦναι
2609 1583 2629 1668 ΙΙ

669 1685 761 1752 τὸ
803 1684 1015 1765 μόνον
1059 1693 1261 1766 φῦναι
1306 1682 1375 1746 Ω
1419 1687 1558 1748 Ddf.

459 1825 509 1866 c.
538 1808 637 1864 21.
670 1798 1068 1883 πλησιάζωσι
1101 1797 1125 1882 fl
1155 1853 1169 1867 .
1205 1853 1220 1867 .
1257 1797 1473 1866 ἇσωσι
1503 1797 1571 1862 Ω
1604 1838 1685 1848 -
1720 1800 2239 1879 ἀποσιωπῶντας
2271 1798 2295 1884 Π
2328 1809 2627 1867 σιωπῶν-

669 1928 783 1981 τας
813 1898 881 1963 Ω
912 1938 997 1946 -
1025 1899 1433 1982 γυμνάσια
1465 1909 1570 1967 καὶ
1612 1900 2019 1985 διαπονήσεις
2054 1911 2190 1968 τῶν
2239 1899 2564 1981 σωμάτων
2609 1896 2629 1983 ΙΙ

670 2012 1027 2087 γυμνασίας
1073 2005 1236 2069 det.
1309 2007 1399 2066 Ita
1443 2006 1815 2067 scribendum
1861 2024 1992 2067 esse
2034 2007 2133 2066 vel
2162 2024 2417 2082 sequens
2448 2007 2632 2067 docet

672 2109 855 2170 subst.
900 2105 1312 2190 διαπονήσεις
1356 2107 1433 2168 cf.
1482 2126 1534 2168 c.
1569 2112 1621 2173 8.

461 2244 512 2288 c.
539 2228 636 2290 24.
672 2222 939 2288 ποικίλα
967 2219 1055 2288 τὰ
1099 2219 1432 2302 γυμνάσια
1477 2219 1927 2305 ἐπινοήσαντες
1959 2217 1982 2305 ΙΙ
2014 2240 2131 2284 non
2175 2221 2434 2303 dubium,
2481 2223 2627 2299 quin

670 2326 787 2386 hoc
815 2343 1051 2402 quoque
1095 2327 1228 2386 loco
1275 2326 1685 2402 corrigendum
1728 2328 1823 2386 sit
1866 2332 2250 2403 ποικίλας
2279 2321 2417 2402 τὰς
2446 2349 2628 2404 γυμ-

672 2433 907 2491 νασία
923 2452 985 2508 ς,
1042 2429 1144 2489 ubi
1200 2428 1275 2489 de
1330 2430 1578 2506 singulis
1636 2429 2151 2490 exercitationibus
2208 2431 2401 2507 agitur
2457 2427 2622 2494 det.

462 2562 514 2604 c.
541 2546 642 2604 29.
676 2537 891 2623 ὥσπερ
937 2538 1020 2607 ἂν
1063 2542 1127 2607 εἴ
1161 2566 1258 2620 τις
1295 2593 1309 2607 .
1345 2592 1359 2607 .
1394 2594 1409 2608 .
1448 2539 1714 2621 ἐμβάλοι
1746 2540 1770 2623 ΙΙ
1803 2538 2018 2626 ὥσπερ
2065 2541 2147 2608 ἂν
2192 2544 2629 2624 anacoluthum,

674 2645 982 2723 abruptum
1008 2649 1067 2707 et
1081 2648 1385 2721 receptum
1407 2644 1562 2705 infra
1582 2650 1805 2705 mutata
1834 2649 2125 2707 structura
2152 2652 2400 2710 θᾶττον
2430 2641 2514 2710 ἂν
2535 2696 2548 2709 .
2570 2696 2585 2710 .
2609 2696 2624 2711 .

673 2743 1055 2829 ἀναφλεγείη
1073 2765 1089 2827 3
1114 2766 1234 2808 non
1248 2752 1337 2807 est
1349 2749 1526 2825 igitur
1541 2766 1671 2808 cum
1683 2747 1989 2808 Dindorfio
2011 2745 2093 2812 ἂν
2108 2748 2629 2809 exterminandum.

461 2883 511 2925 c.
538 2865 636 2922 28.
669 2861 732 2938 ἐς
761 2858 917 2939 τοὺς
947 2865 1271 2939 πολέμους
1300 2865 1431 2925 καὶ
1458 2857 1735 2943 χρήσιμα
1767 2857 1791 2944 ss
1824 2881 1950 2923 om.
1996 2867 2128 2926 καὶ
2170 2862 2317 2927 Ddf.
2346 2864 2426 2923 M.
2457 2861 2633 2940 Seyf-

672 2961 789 3024 fert
813 2965 1028 3025 retinet
1056 2968 1184 3028 καὶ
1214 2965 1395 3024 latino
1425 2983 1587 3024 more
1616 2964 1882 3025 iudicans
1914 2965 2065 3026 illud
2091 2964 2463 3026 referendum
2496 2983 2631 3026 esse

676 3063 754 3124 ad
809 3066 873 3141 ἐς
923 3061 1081 3142 τοὺς
1136 3067 1496 3145 πολέμους,
1561 3064 1852 3136 ,adversus
1905 3066 2088 3128 hostes
2144 3066 2353 3129 ctiam’.
2454 3065 2633 3140 Quod

674 3165 911 3242 quidem
976 3169 1086 3227 etsi
1148 3169 1319 3229 nimis
1386 3171 1712 3245 quaesitum
1776 3170 1837 3229 h.
1876 3169 1918 3229 l.
1987 3174 2079 3230 est
2139 3174 2337 3230 tamen
2393 3170 2632 3231 omnino

675 3267 852 3329 valde
927 3269 1450 3331 commendandum
1521 3273 1580 3331 in
1658 3272 1750 3333 his
1828 3271 2146 3333 serioribus
2224 3273 2630 3352 scriptoribus,

676 3370 818 3447 quid
885 3388 958 3431 ex
1024 3371 1229 3449 lingua
1289 3373 1472 3434 latina
1535 3374 1882 3434 translatum
1947 3375 2053 3453 sit,
2124 3376 2484 3454 investigare
2549 3373 2631 3436 cf.

676 3491 724 3538 c.
764 3478 864 3534 34.

462 3605 516 3648 c.
545 3592 643 3650 30.
678 3584 975 3665 οἰόμενος
1020 3584 1317 3669 φύλακας
1359 3587 1513 3672 ἡμῖν
1551 3634 1569 3652 .
1614 3635 1630 3651 .
1676 3593 1970 3672 γενέσθαι
2002 3588 2026 3670 ΙΙ
2058 3585 2434 3671 γενήσεσθαι
2481 3592 2625 3658 Oob.

675 3690 818 3750 Ddf.
863 3687 951 3755 τὰ
997 3683 1224 3772 ἄριστα
1268 3695 1826 3775 παρεσκευασμένη
1859 3688 1884 3774 ΙΙ
1916 3694 2056 3753 del.
2101 3688 2195 3757 τὰ
2242 3691 2315 3758 cf.
2352 3711 2400 3758 c.
2443 3698 2541 3754 14.

462 3821 516 3863 c.
544 3807 643 3865 32.
674 3809 779 3868 καὶ
825 3802 905 3885 ἢν
950 3814 1239 3887 προτεθῇ
1278 3803 1438 3884 ὑμῖν
1483 3803 1709 3885 ἔξοδος
1741 3805 1764 3886 ΙΙ
1796 3812 1924 3871 καὶ
1967 3803 2061 3887 ἢν
2091 3809 2274 3868 Recte
2310 3811 2633 3885 separatim

675 3908 958 3982 scriptum
994 3927 1113 3969 non
1142 3915 1206 3969 ut
1231 3909 1499 3987 pluribus
1527 3910 1676 3971 locis
1705 3909 1858 3971 falso
1905 3911 2275 3970 coniunctum
2317 3907 2465 3990 κᾶν,
2511 3930 2632 3988 quo

679 4009 951 4085 exemplo
992 4008 1254 4071 firmatur
1281 4030 1458 4088 quam
1491 4029 1602 4088 ego
1631 4030 1894 4072 normam
1923 4011 2292 4073 statuendam
2322 4030 2455 4074 esse
2486 4014 2634 4075 mihi
