2867 4525
262 2097 317 2139 e.
345 2081 451 2139 32.

261 3122 318 3164 c.
347 3105 456 3163 33.·

261 3634 316 3676 e.
342 3618 447 3676 34.

964 265 1222 320 LUGIANI
1258 266 1758 322 PHILOPSEUDES.
2320 273 2442 332 235

494 432 563 497 Φ
590 470 679 483 -
708 443 852 520 περὶ
891 462 995 522 πρ.
1044 436 1192 508 ὑπν.
1231 436 1255 521 ΙΙ
1288 464 1350 505 π.
1399 449 1601 523 πρῶτ.
1650 435 1813 523 ἧκον
1842 443 1896 507 Ἃ
1938 439 2117 525 ἥκων
2145 463 2443 522 suprascr.

490 533 657 622 ἧκον
702 537 769 601 Φ
812 575 900 585 ·—-
944 545 1032 619 εἰς
1083 565 1147 606 π.
1192 538 1217 624 ΙΙ
1259 543 1322 619 ἐς
1366 542 1418 606 Ἃ
1460 577 1548 588 -—
1589 540 1948 630 θαρρήσων
1988 541 2050 629 Ι.
2101 591 2116 606 .
2163 563 2216 612 σ.
2264 543 2316 606 Γ
2359 582 2446 592 -

492 639 793 725 οἰκήματι
836 641 860 726 ΙΙ
905 648 1065 708 οἰκω
1110 643 1164 708 Ἃ
1205 679 1293 689 -
1336 642 1579 727 α’νεγιγ.
1625 642 1649 729 11
1693 671 1797 726 γιν
1841 642 2035 711 ΩἋΦ
2078 683 2165 694 -
2207 645 2383 730 ἥκειν
2425 655 2444 741 Η

491 744 657 810 εἶναι
695 744 749 808 Ἃ
790 779 878 790 ·-
923 750 1275 825 δεδίξεσθαι
1309 746 1332 827 ΙΙ
1363 748 1759 828 δεδείξεσθαι
1800 753 1859 810 in
1903 769 2023 812 ras.
2055 746 2175 810 ΦΓ
2205 785 2293 796 --
2320 759 2444 816 καὶ

487 854 623 912 ιιελ.
672 845 696 927 ΙΙ
745 867 861 909 om.
920 853 1029 913 καὶ
1072 845 1139 909 Φ
1182 883 1270 894 -
1312 850 1508 932 ἐπειρ.
1559 874 1690 928 μου
1735 849 1756 933 ss
1802 870 1917 914 om.
1975 876 2105 929 μου
2151 850 2218 913 Φ
2259 887 2347 899 -
2391 854 2451 918 εἴ

491 955 701 1014 ποθεν
733 946 757 1032 ΙΙ
790 949 853 1014 εἴ
888 974 1047 1015 ποτε
1088 946 1157 1010 Φ
1200 985 1289 997 -
1330 947 1662 1033 κρατήσειε
1692 950 1718 1036 ss
1751 997 1766 1013 .
1814 998 1829 1013 .
1875 978 1915 1018 ν
1953 950 2021 1014 Φ
2064 989 2152 999 --
2193 979 2443 1036 προχει-

490 1066 709 1135 ρισαμ.
758 1048 782 1134 fl
829 1098 845 1113 .
890 1104 904 1119 .
954 1076 993 1134 η
1040 1101 1056 1118 .
1101 1103 1116 1118 .
1168 1052 1222 1116 Ἃ
1264 1052 1920 1136 προχειρισόμενοςθ)
1963 1051 2015 1115 Γ
2066 1091 2154 1102 -
2211 1067 2435 1141 συνηλ.

487 1149 513 1236 Ι]
546 1158 598 1232 ξ.
638 1152 691 1218 Ἃ
732 1188 821 1200 --
864 1160 952 1232 εἰς
995 1181 1051 1219 τ.
1086 1154 1109 1236 ΙΙ
1142 1157 1206 1234 ἐς
1249 1156 1301 1220 Ἃ
1342 1191 1429 1202 --
1475 1164 1817 1224 σκοτεινοῦ
1847 1158 1871 1239 ΙΙ
1900 1167 2140 1243 μικροῦ
2182 1157 2360 1238 τινὸς
2390 1161 2442 1223 Ἃ

486 1291 574 1301 --
617 1253 822 1322 αὐτὸν
854 1255 877 1341 ΙΙ
909 1277 1024 1320 om.
1072 1258 1125 1322 Ἃ
1166 1293 1254 1303 -
1297 1264 1364 1324 δὲ
1407 1255 1678 1327 πάντων
1718 1258 1743 1344 ΙΙ
1790 1267 1829 1327 δ
1843 1260 1860 1283 '
1904 1258 2218 1328 ἁπάντων
2262 1263 2315 1326 Ἃ
2356 1298 2444 1308 -

487 1354 784 1442 πρόσειμι
817 1357 841 1442 ΙΙ
873 1363 1310 1443 προσέρχομαι
1339 1361 1392 1425 Ἃ
1433 1396 1521 1406 -
1565 1361 2127 1445 εὐαγγελιζόμενος
2160 1362 2180 1446 ΙΙ
2216 1358 2285 1428 εὖ
2332 1363 2440 1443 α’γ-

486 1463 698 1540 γέλων
742 1462 797 1525 Ἃ
838 1497 926 1508 -
970 1458 1070 1528 ὅτι
1122 1471 1274 1528 καθ.
1318 1460 1343 1546 fl
1387 1483 1502 1525 om.
1549 1464 1602 1529 Ἃ
1643 1499 1730 1509 -
1772 1473 1922 1530 καθ.
1968 1464 1992 1548 ΙΙ
2034 1474 2180 1532 καθ.
2232 1465 2443 1532 αὐτοῦ

486 1559 682 1624 ΩΓΦ
723 1599 813 1610 —-
854 1570 981 1630 καὶ
1025 1573 1262 1647 παραβ.
1294 1563 1319 1649 fl
1352 1586 1466 1628 om.
1520 1571 1630 1631 καὶ
1671 1562 1866 1630 ΩἋΦ
1908 1602 1996 1613 -—
2039 1567 2441 1650 παραλαβὼν

485 1662 510 1748 ΙΙ
543 1667 681 1728 add.
722 1661 846 1732 οὖν
877 1663 1069 1728 ΩΓΦ
1111 1702 1199 1713 -
1242 1669 1363 1732 εἴπ.
1396 1665 1518 1751 γὰρ
1550 1664 1575 1750 ΙΙ
1608 1688 1724 1730 om.
1754 1665 1875 1751 γὰρ
1908 1665 1977 1730 Ω
2004 1704 2090 1714 -
2119 1667 2379 1750 ἀγαγὼν
2423 1668 2441 1754 ΙΙ

486 1765 835 1848 α’ναγαγὼν
865 1766 971 1833 ἋΓ
1013 1805 1101 1816 -
1144 1769 1354 1853 ἐπειδὴ
1384 1768 1409 1854 fl
1442 1773 1577 1836 ἐπεὶ
1615 1771 1668 1835 Ἃ
1695 1805 1783 1816 ·-
1812 1770 1911 1850 ὡς
1956 1771 2064 1837 ἐπ’
2108 1771 2187 1854 ὀρ
2219 1770 2244 1856 ΙΙ
2277 1769 2319 1838 δ’
2320 1790 2439 1838 σον

485 1865 734 1935 ΩΓἋΦ
776 1907 864 1917 --
907 1897 1225 1956 κατορωρ.
1276 1872 1300 1954 ΙΙ
1343 1919 1357 1933 .
1404 1898 1479 1939 ω.
1524 1871 1575 1935 Γ
1619 1909 1706 1919 -
1745 1872 1919 1952 μόνα
1953 1873 1974 1956 ΙΙ
2004 1873 2215 1952 μόνον
2259 1876 2313 1940 Ἃ
2354 1912 2441 1921 -

481 1978 602 2051 μὲν
646 1969 771 2040 οὖν
804 1973 827 2055 ΙΙ
859 1995 975 2038 om.
1022 1971 1146 2041 οὖν
1190 1976 1244 2040 Ἃ

480 2084 688 2142 ταῦτα
719 2073 744 2160 ΙΙ
775 2076 967 2143 ταῦτ’
996 2078 1050 2142 Ἃ
1077 2114 1165 2124 -
1194 2076 1435 2144 ἅπασιν
1466 2082 1786 2158 αἰδέσιμος
1818 2077 1841 2162 ΙΙ
1874 2077 2073 2145 ἅπασι
2102 2084 2438 2157 θεσπέσιος

486 2179 652 2245 εἶναι
708 2184 926 2245 δοκῶν
970 2177 1077 2244 ἋΓ
1119 2215 1207 2226 -
1249 2202 1574 2264 κατεγιγν.
1625 2182 1647 2263 ΙΙ
1687 2233 1700 2247 .
1754 2227 1769 2242 .
1823 2206 1962 2261 γιν.
2008 2182 2061 2246 Ἃ
2103 2217 2191 2227 -
2233 2192 2438 2248 ταῦτα

485 2280 737 2366 ΙΙταῦτ’
781 2282 835 2346 Ἃ
877 2318 964 2328 -
1008 2283 1134 2364 ἐγὼ
1179 2289 1256 2348 δὲ
1288 2283 1312 2365 ΙΙ
1345 2282 1414 2349 δ’
1461 2285 1516 2349 Ἃ
1554 2319 1643 2331 -
1686 2288 1976 2368 πέφηνας
2018 2282 2042 2368 ΙΙ
2082 2289 2325 2369 πέφηνε
2369 2284 2438 2348 Ω

481 2418 570 2429 —-
611 2387 871 2465 λέγοντι
917 2385 937 2464 Ι
983 2405 1097 2448 om.
1143 2381 1335 2448 ΩΓΦ
1379 2422 1468 2432 --
1511 2392 1657 2469 περὶ
1698 2395 1833 2452 τῶν
1886 2384 2211 2454 τοιούτων
2254 2388 2279 2470 ΙΙ
2321 2408 2435 2451 om.

484 2486 539 2550 Ἃ
579 2521 667 2532 ·-
711 2486 819 2554 Δί’
850 2485 875 2571 fl
907 2494 1011 2554 δία
1053 2523 1141 2534 ·-
1180 2486 1355 2566 μάλα
1386 2488 1411 2573 fl
1441 2487 1718 2567 μα’λιστα
1755 2485 1933 2554 ΩἋΓ
1975 2526 2063 2536 --
2107 2493 2437 2557 ἐπέπειστο

481 2587 507 2669 ss
541 2589 955 2654 ἐπεπίστευτο
985 2591 1039 2655 Ἃ
1080 2624 1168 2635 -
1211 2588 1421 2673 ἐπειδὴ
1458 2590 1478 2670 Ι
1512 2592 1645 2654 ἐπεὶ
1673 2590 1728 2653 Ἃ
1763 2625 1850 2635 -
1895 2593 1958 2669 ἐς
1998 2616 2060 2667 μ.
2098 2589 2122 2674 ΙΙ
2156 2597 2242 2670 εἰς
2271 2592 2325 2657 Ἃ
2354 2627 2438 2637 -

480 2688 757 2774 γράφων
790 2690 813 2772 {l
846 2689 1242 2774 ξυγγράφων
1280 2693 1334 2757 Ἃ
1376 2728 1465 2738 --
1506 2688 1885 2757 συντάττων
1929 2698 2037 2757 καὶ
2068 2690 2092 2775 ΙΙ
2124 2712 2238 2757 om.
2271 2694 2322 2757 Ἃ
2351 2728 2436 2738 -

484 2794 842 2877 ἐρεσχηλεῖν
858 2792 877 2875 Ιί
892 2796 1240 2877 ἐρεσχελεῖν
1254 2792 1448 2858 ΩἋΦ
1463 2830 1551 2840 ·—-
1561 2801 1744 2872 βουλ.
1772 2792 1910 2859 αὐτ.
1922 2791 1944 2878 fl
1956 2792 2095 2860 αὐτ.
2114 2801 2174 2872 β.
2190 2791 2435 2859 ΩΓἋΦ

481 2930 570 2941 -·
599 2904 916 2981 νεκρικῶς
946 2896 972 2981 fl
1003 2912 1260 2981 νεκροῖς
1290 2898 1582 2979 ἐμφερῶς
1611 2896 1665 2961 Ἃ
1705 2931 1793 2941 --
1833 2894 1963 2961 ὑπὸ
2002 2905 2218 2978 πυκνῇ
2306 2895 2435 2961 ὑπὸ

482 3006 563 3080 τῇ
591 3024 656 3065 π.
691 2995 762 3060 Ω
805 3035 893 3045 -
938 3001 1324 3080 ἐγίγνωσκεν
1357 3000 1380 3080 ΙΙ
1413 2998 1845 3079 ἀνεγίνωσκεν
1875 2999 1929 3063 Ἃ
1974 3000 2320 3078 ἐγίνωσκεν
2366 2996 2435 3060 Ω

491 3112 548 3167 T.
611 3098 965 3183 y&ofl0m.
1023 3100 1387 3184 γὰρἋ-
1444 3095 1607 3167 ῶΤ.
1670 3099 1982 3184 οἷκ.ΙΙᾶκ.
2041 3095 2438 3166 «3221—

481 3210 782 3287 προςβιβ.
802 3202 1044 3291 Ιπροβ.
1074 3202 1199 3269 ΩἋ
1219 3240 1307 3250 --
1329 3212 1454 3271 τοῖ’
1482 3201 1866 3287 διηγήματος
1898 3201 1923 3288 ΙΙ
1952 3212 2065 3287 τῆς
2096 3200 2438 3287 διηγήσεως

481 3306 538 3369 Ἃ
578 3339 666 3351 -
710 3303 748 3372 ὃ
796 3303 956 3371 πότε
1043 3302 1151 3372 ὅτε
1179 3303 1302 3367 ΩΓ
1345 3342 1433 3352 -
1479 3299 1875 3384 ἀποσταλεὶς
1905 3302 1930 3388 fl
1963 3325 2077 3367 om.
2108 3305 2239 3371 α’πο
2270 3304 2323 3370 Ἃ
2351 3340 2439 3350 -

481 3404 603 3473 τὸν
633 3404 824 3490 ἣλιον
856 3408 880 3490 ΙΙ
911 3429 1028 3472 om.
1062 3407 1183 3474 τὸν
1213 3408 1267 3472 Ἃ
1294 3444 1381 3454 -—
1410 3403 1535 3474 οὖν
1568 3407 1591 3490 ΙΙ
1623 3428 1737 3472 om.
1764 3404 1835 3469 Ω
1862 3442 1950 3452 --
1978 3405 2244 3485 α’νοίξας
2276 3402 2301 3489 ΙΙ
2332 3405 2434 3470 α’ν.

478 3535 553 3591 γε
597 3510 651 3575 Ἃ
693 3509 796 3577 α’ν.
842 3535 912 3577 τε
957 3507 1006 3571 Γ
1049 3547 1137 3557 -
1180 3510 1344 3577 αὐτὰ
1376 3509 1400 3594 ΙΙ
1431 3517 1565 3576 καὶ
1608 3508 1770 3576 αὐτὰ
1815 3510 1869 3574 Ἃ

479 3621 727 3692 συμπλ.
760 3612 785 3697 Ι
818 3619 858 3693 ξ
885 3614 939 3678 Ἃ
965 3650 1053 3660 --
1082 3617 1648 3697 ἱερογραμματέων
1679 3611 1703 3693 Ι
1735 3617 1927 3696 ἱερῶν
1956 3635 2057 3695 γρ.
2087 3607 2212 3675 ΩἋ
2242 3614 2435 3692 ἱερῶν

480 3725 882 3801 γραμματῶν
925 3713 976 3777 Γ
1019 3751 1107 3763 -
1150 3722 1392 3797 σοφίαν
1433 3740 1490 3782 κ.
1547 3713 1668 3797 τὴν
1711 3740 1775 3780 π.
1811 3712 1835 3796 ΙΙ
1866 3739 1929 3779 π.
1978 3737 2035 3779 κ.
2083 3739 2141 3778 τ.
2188 3731 2332 3792 σοφ.
2384 3712 2435 3778 Ἃ

479 3853 568 3864 -
598 3824 979 3899 Αἰγυπτίων
1011 3817 1036 3902 ΙΙ
1068 3823 1428 3899 Αἰγυπτίον
1458 3812 1704 3882 ΩἋΦΓ
1744 3851 1832 3862 —
1872 3819 1997 3895 λέγ.
2047 3813 2087 3881 ὃ
2126 3813 2303 3897 Ἀριγ.
2342 3812 2364 3897 ΙΙ
2398 3812 2435 3879 ὁ

483 3921 603 4005 Ἀρ.
650 3925 855 4003 λέγεις
883 3921 937 3985 Ἃ
965 3956 1053 3967 -—
1081 3919 1256 4004 ἱερὸν
1302 3915 1507 4002 ι’ίνδρα
1537 3918 1562 4004 ΙΙ
1594 3919 1651 3986 οἷ.
1705 3924 1745 3984 1.
1772 3914 1964 3980 ΩΓΦ
2006 3953 2094 3963 --
2137 3920 2214 3983 ἐν
2256 3915 2435 3981 ὀθο-

481 4030 653 4102 νίοις
686 4070 702 4085 .
731 4076 747 4092 .
783 4079 797 4093 .
835 4023 921 4090 οὐ
951 4044 1067 4088 om.
1097 4022 1151 4086 Ἃ
1177 4061 1265 4074 —
1292 4022 1408 4090 ἀεὶ
1434 4021 1730 4107 νοήμονα
1759 4017 1898 4083 ΩΦ
1926 4056 2016 4067 -
2042 4017 2389 4104 πρόχειλον
2416 4005 2436 4090 ΙΙ
