2867 4525
434 260 466 316 1
478 258 559 317 74
1327 257 1614 313 ΔΟΥΚΙΔΝ
1616 258 1704 312 ΟΥ
1830 296 1836 304 .

424 422 545 497 εἶτ’
620 427 743 515 ἐγώ
810 422 961 514 μετ’
1023 428 1271 498 ἐκεῖνον
1332 428 1643 513 ἐχόμενος
1704 422 1908 495 αὐτοῦ
1966 421 2417 518 ἀμφοτέραις,
2478 436 2598 498 καί

419 556 506 617 με
549 530 662 599 διὰ
707 534 828 619 τῆς
872 524 1287 618 ἀποβάθρας
1330 527 1494 619 ὅλης
1521 537 1937 616 παρέπεμπε
1960 533 2386 653 χειραγωγῶν
2413 527 2593 598 ὖπο-

420 633 768 717 δεδεμένον
814 626 1236 722 ἀνυπόδητος
1268 626 1471 711 αὐτὸς
1514 626 1628 715 ὤν,
1672 629 1749 699 τὸ
1786 625 1925 700 ἀπὸ
1972 632 2213 701 τούτου
2260 633 2333 702 δὲ
2364 628 2593 701 οὐκέτι
2723 665 2728 668 ·

419 730 622 803 αὐτὸν
666 731 843 803 εἶδον
888 730 1041 802 οὔτε
1086 734 1275 804 ε’νδον
1321 759 1477 801 ουτε
1520 733 1672 801 ἐπεὶ
1697 733 2285 855 κατεληλύθαμεν.
2608 751 2720 803 248

343 842 382 897 2
589 842 649 906 2.
694 842 1233 906 ΣΑΜΙΠΠΟΣ.
1333 833 1598 918 Οἶσθα,
1674 822 1727 901 ὦ
1797 845 2087 925 Λυκῖνε,
2160 830 2338 905 ὅπου
2405 834 2591 928 ἡμᾶς

419 933 797 1024 ἀπέλιπεν,·
849 937 1092 1023 όπότε,
1149 936 1374 1025 οἶμαι,
1433 939 1509 1008 τό
1571 935 1820 1026 ὦραῖον
1866 939 2075 1007 ἐκεῖνο
2119 935 2465 1029 μειράκιον
2510 940 2590 1009 ἐκ

414 1045 534 1166 της
589 1041 909 1131 θαλάμης
967 1044 1286 1133 προῆλθε
1343 1040 1418 1110 τὸ
1475 1040 1596 1131 τὴν
1650 1040 1964 1165 καθαράν
2015 1039 2272 1165 ὀθόνην
2315 1042 2587 1111 ἐνδεδυ-

411 1145 559 1227 κός,
617 1138 1098 1231 ἀναδεδεμένον
1142 1143 1239 1223 εἰς
1280 1138 1591 1212 τούπίσω
1634 1143 1755 1231 τὴν
1799 1144 2008 1232 κόμην
2053 1133 2170 1211 ἐπ’
2222 1139 2585 1234 ἀμφότερα

409 1251 531 1316 τοῦ
557 1246 876 1332 μετώπου
909 1241 1367 1336 [ἀπηγμένην]
1407 1244 1469 1312 εἰ
1497 1253 1722 1314 τοίνυν
1754 1244 1879 1332 ἐγὼ
1909 1242 2369 1332 Ἀδείμαντον
2400 1243 2581 1335 οἶδα,

412 1347 635 1436 οἶμαι,
690 1348 1033 1439 γλαφυρὸν
1091 1348 1265 1415 οὕτω
1323 1353 1559 1433 θέαμα
1619 1348 1867 1427 ἐκεῖνος
1926 1347 2089 1416 ἰδών
2145 1375 2368 1436 μακρα
2415 1356 2584 1434 χαί-

408 1477 548 1538 ρειν
617 1451 888 1542 φράσας
948 1456 1048 1539 τῷ
1090 1451 1464 1539 Αἰγυπτίῳ
1532 1454 1853 1540 ναυπηγῷ
1924 1457 2426 1540 περιηγουμένῳ
2484 1452 2573 1522 τὸ

404 1556 651 1623 πλοῖον
708 1563 1088 1644 παρέστηκε
1147 1553 1484 1641 δακρύων,
1543 1553 1775 1639 ωσπερ
1832 1553 2074 1679 ε’ίωθε·
2161 1554 2577 1640 ταχύδακρυς

402 1656 529 1744 γὰρ
574 1652 610 1725 ὅ
661 1653 825 1747 ἀνὴρ
870 1656 939 1735 ἐς
979 1682 1066 1724 τα
1111 1654 1416 1743 ἐρωτικά.

573 1765 797 1826 ΛΥΚ.
869 1762 1011 1827 Καὶ
1052 1757 1183 1849 μὴν
1229 1752 1305 1826 οὗ
1353 1757 1535 1826 πάνυ
1578 1758 1800 1839 καλός,
1847 1784 1902 1823 ω
1944 1756 2292 1842 Σάμιππε,
2337 1755 2375 1826 ὅ
2414 1785 2572 1845 μει-

401 1867 714 1946 ρακίσκος
758 1860 946 1940 ε’δοξέ
987 1887 1138 1946 μοι,
1184 1857 1280 1940 ὥς
1325 1887 1407 1927 αν
1452 1862 1563 1927 καὶ
1599 1854 2060 1945 Ἀδείμαντον
2106 1859 2459 1950 ἐκπλῆξαι,
2507 1856 2572 1950 ᾦ

402 1966 713 2031 τοσοῦτοι
735 1956 1089 2052 Ἀθήνησι
1117 1964 1312 2031 καλοὶ
1345 1962 1644 2043 ἕπονται,
1692 1962 1946 2040 πάντες
1974 1960 2347 2049 ἐλεύθεροι,
2391 1986 2574 2030 στω-

370 2098 379 2107 ·
395 2063 598 2151 μύλοι
627 2066 704 2133 τὸ
740 2069 1038 2155 φθέγμα,
1084 2067 1513 2150 παλαίστρας
1544 2058 2023 2146 ἀποπνέοντες,
2070 2063 2172 2143 οἷς
2199 2066 2311 2133 καὶ
2342 2091 2569 2152 παρα-

401 2169 725 2252 δακρῦσαι
769 2163 888 2236 ούκ
934 2162 1229 2254 ἀγεννές·
1305 2160 1500 2246 οὗτος
1544 2166 1616 2233 δὲ
1662 2164 1838 2248 πρὸς
1883 2171 1986 2254 τῷ
2021 2166 2429 2255 μελάγχρους
2469 2165 2567 2237 εἶ·
2861 2181 2863 2252 i

398 2297 510 2339 ναι
538 2273 650 2338 καὶ
677 2270 1034 2359 προχειλής
1061 2269 1206 2338 ἐστι
1233 2271 1347 2338 καὶ
1377 2268 1623 2348 λεπτὸς
1653 2265 1821 2357 ἄγαν
1854 2268 1923 2338 ἐκ
1951 2284 2098 2339 τοῖν
2129 2274 2407 2353 σκελοῖν,
2438 2274 2554 2341 καὶ
2581 2284 2689 2336 249
2858 2280 2860 2357 4

398 2375 767 2462 ἐφθέγγετο
815 2373 1402 2461 ἐπισεσυριγμένον
1449 2373 1526 2454 (Ἰ)
1576 2399 1647 2440 τι
1688 2377 1801 2441 καὶ
1849 2377 2136 2457 συνεχῶς
2180 2373 2563 2462 ἐπίτροχον,

389 2474 756 2567 Ἑλληνιστὶ
814 2481 972 2563 μέν,
1028 2475 1097 2555 ἐς
1150 2476 1226 2544 τὸ
1286 2475 1579 2564 πάτριον
1624 2475 1698 2543 δὲ
1742 2480 1842 2564 τῷ
1886 2473 2102 2565 ψόφῳ
2144 2480 2255 2545 καὶ
2298 2485 2395 2566 τῷ
2440 2481 2566 2568 τῆς

395 2584 626 2669 φωνῆς
667 2579 862 2669 τόνῳ,
906 2576 947 2668 ἡ
991 2579 1160 2667 κόμη
1210 2578 1282 2646 δὲ
1324 2581 1438 2646 καὶ
1484 2577 1553 2657 ἐς
1579 2572 1889 2646 τούπίσω
1918 2574 1955 2646 ὅ
1990 2579 2337 2665 πλόκαμος
2366 2602 2566 2649 συνε-

394 2687 842 2769 σπειραμένος
884 2675 1003 2749 οὐκ
1046 2680 1402 2766 ἐλεύθερον
1450 2673 1651 2747 αὖτόν
1696 2702 1905 2767 φησιν
1949 2676 2143 2750 εἶναι.

320 2795 361 2853 3
567 2793 627 2854 3.
681 2791 878 2853 ΤΙΜ.
975 2788 1186 2852 Τοῦτο
1241 2783 1363 2868 μὲν
1417 2776 1777 2902 εὐγενείας,
1833 2808 1885 2848 ω
1931 2792 2213 2866 Λυκῖνε,
2274 2786 2561 2873 σημεῖόν

391 2887 572 2957 ἐστιν
601 2887 1020 2975 Αἰγυπτίοις
1067 2883 1131 2974 [η
1161 2887 1379 2976 κόμη]·
1455 2877 1754 2964 άπαντες
1782 2885 1911 2972 γὰρ
1942 2880 2149 2975 αυτὴν
2178 2888 2247 2955 οἱ
2277 2886 2558 2957 ἐλεύθε-

388 3016 497 3077 ροι
551 2990 793 3068 παῖδες
839 2983 1332 3056 ἀναπλέκονται
1377 2989 1529 3055 ε’στε
1575 2986 1751 3073 πρὸς
1792 2987 1868 3055 τὸ
1918 2987 2269 3077 ἐφηβικόν,
2325 2990 2554 3075 εμπα-

383 3097 488 3160 λιν
544 3081 586 3179 ἢ
639 3091 706 3158 οἱ
763 3090 1088 3177 πρόγονοι
1143 3086 1361 3180 ἡμῶν,
1423 3089 1527 3167 οἷς
1585 3088 1799 3158 ἐδόκει
1857 3088 2063 3158 καλὸν
2120 3087 2293 3159 εἶναι
2335 3097 2558 3178 κομᾶν

383 3217 543 3271 τους
594 3196 910 3279 γέροντας
966 3185 1459 3276 ἀναδουμένους
1512 3192 1854 3278 κρωβύλον
1910 3189 2044 3260 ὑπὸ
2091 3193 2341 3281 τέττιγι
2387 3220 2554 3282 χρυ-

386 3298 488 3383 σῷ
534 3288 985 3415 ἀνειλημένον.

552 3402 786 3466 EAM.
874 3382 968 3464 Ευ
1011 3420 1119 3484 γε,
1166 3422 1219 3462 ω
1276 3396 1607 3481 Τιμόλαε,
1653 3390 1763 3464 ότι
1804 3393 1981 3486 ἡμᾶς
2025 3391 2554 3488 ἀναμιμνήσκεις

378 3504 519 3569 τῶν
573 3500 985 3569 Θουκυδίδου
1041 3500 1604 3587 συγγραμμάτων,
1663 3499 1706 3565 ἃ
1753 3500 1822 3568 ἐν
1865 3504 1960 3587 τῷ
1997 3508 2341 3590 προοιμίῳ
2385 3507 2554 3590 περὶ

374 3629 493 3725 της
539 3598 822 3692 ἀρχαίας
863 3599 1052 3694 ἡμῶν
1093 3606 1352 3692 τρυφῆς
1396 3599 1587 3671 εἶπεν
1633 3603 1702 3670 ἓν
1745 3617 1893 3682 τοῖς
1921 3598 2172 3686 Ἴωσιν,
2219 3600 2434 3673 οπότε
2475 3607 2548 3673 οἱ

375 3706 529 3773 τότε
574 3711 1215 3794 συναπῳκίσθησαν.
2563 3737 2664 3787 250

304 3826 345 3881 4
550 3816 610 3875 4
662 3814 857 3876 ΤΙΜ.
937 3802 1164 3894 Ατάρ,
1211 3833 1265 3873 ω
1311 3807 1659 3892 Σάμιππε,
1707 3811 1820 3877 νῦν
1867 3801 2314 3933 ἀνεμνήσθην,
2360 3804 2547 3876 όπό-

376 3915 504 3978 θεν
560 3904 746 3996 ημῶν
805 3907 1195 4000 ἀπελείφθη
1232 3905 1722 3996 Ἀδείμαντος,
1778 3904 1893 3979 ότε
1944 3936 2137 3999 παρα
2180 3910 2299 3980 τὸν
2345 3910 2545 3980 ἱστὸν

375 4009 492 4078 ἐπὶ
547 4008 723 4079 πολυ
779 4009 1058 4099 ε’στημεν
1124 4005 1645 4098 ἀναβλέποντες,
1702 4010 2155 4099 ἀριθμοῦντες
2196 4016 2329 4081 τῶν
2371 4021 2542 4103 βυρ-
