2867 4525
382 256 502 314 102
1283 257 1662 313 ΔΟΥΚΙΑΝΟΥ

378 425 498 515 τὴν
544 426 743 506 δόξαν
786 424 905 516 τὴν
951 430 1111 511 περὶ
1161 423 1383 510 αὐτοῦ,
1439 433 1525 494 Τί
1567 420 1779 503 τοῦτ’,
1831 426 2017 516 ε’φην,
2065 452 2120 492 ω
2156 420 2538 514 Ἀρίγνωτε,

379 532 493 598 καὶ
549 529 629 597 σὺ
685 533 990 609 τοιοῦτος
1046 527 1121 608 39
1181 515 1372 616 ἦσθα
1428 523 1469 615 ἦ
1529 528 1698 618 μόνη
1764 528 1959 607 ἐλπὶς
2016 533 2133 615 τῆς
2189 523 2538 618 ἀληθείας,

378 635 638 700 καπνοῦ
681 630 925 716 μεστὸς
952 634 1066 699 καὶ
1096 631 1556 717 ἰνδαλμάτων,·
1597 633 1674 700 τὸ
1714 634 1873 719 γοῦν
1916 635 2037 699 τοῦ
2068 631 2264 718 λόγου
2310 631 2539 713 ἐκεῖνο,

380 731 713 823 ἄνθρακες
755 730 914 822 ἡμῖν
958 730 994 801 ὃ
1027 732 1374 823 θησαυρὸς
1406 731 1485 800 σὺ
1529 738 1857 823 πέφηνας.
1931 732 2023 801 Σὺ
2056 734 2147 810 δέ,
2192 719 2235 821 ἦ
2281 730 2344 801 δ’
2395 732 2470 813 39
2502 729 2538 801 ὃ

369 832 807 924 Ἀρίγνωτος,
866 835 928 903 εἶ
979 836 1148 927 μήτε
1191 836 1341 922 ἐμοὶ
1386 836 1731 915 πιστεύεις
1783 840 2042 923 λέγοντι
2091 836 2258 924 μήτε
2300 841 2542 903 Δεινο-

378 932 569 1027 μάχω
613 929 657 1026 ἢ
684 937 1053 1028 Κλεοδήμῳ
1083 941 1337 1005 τουτωῒ
1373 936 1540 1027 μήτε
1576 932 1757 1026 αὐτῷ
1788 933 2131 1024 Εὐκράτει,
2179 943 2343 1028 φέρε
2387 937 2626 1006 εἰπὲ59

379 1048 532 1110 τίνα
561 1044 721 1126 περὶ
751 1042 883 1107 τῶν
913 1038 1236 1108 τοιούτων
1285 1037 1912 1126 ἀξιοπιστότερονε
1874 1043 2002 1130 ηγῇ
2029 1034 2356 1108 τάναντία
2384 1036 2543 1128 ἡμῖν

382 1146 694 1232 λέγοντας
736 1141 842 1232 Νὴ
874 1135 1021 1225 Δί’,
1066 1169 1147 1229 ην
1193 1135 1254 1208 δ’
1306 1140 1454 1228 ἐγώ,
1499 1142 1683 1227 μάλα
1720 1141 2122 1228 θαυμαστὸν
2169 1137 2381 1230 άνδρα
2424 1140 2544 1208 τὸν

370 1239 792 1335 Ἀβδηρόθεν
837 1244 1081 1312 εκεῑνον
1123 1243 1569 1333 Δημόκριτον,
1618 1243 1694 1323 39
1739 1241 1953 1322 ούτως
1999 1239 2131 1331 ἄρα
2176 1244 2543 1312 επέπειστο

382 1347 587 1436 μηδὲν
632 1346 775 1415 οἶόν
819 1371 893 1414 τε
938 1342 1111 1414 εἶναι
1157 1349 1480 1436 συστῆναι
1520 1349 1856 1429 τοιοῦτον,
1903 1369 2093 1429 ωστε,
2142 1346 2374 1436 ἐπειδὴ
2421 1374 2541 1415 κα-

383 1448 664 1534 θείρξας
716 1447 953 1515 ἑαυτὸν
1013 1447 1080 1527 ἐς
1136 1452 1363 1536 μνῆμα
1432 1446 1561 1526 ἔξω
1619 1450 1852 1515 πυλῶν
1910 1447 2209 1517 ἐνταῦθα
2267 1451 2548 1518 διετέλει

382 1550 660 1639 γράφων
701 1552 814 1617 καὶ
861 1550 1238 1618 συντάττων
1281 1554 1393 1620 καὶ
1441 1549 1692 1636 νύκτωρ
1735 1552 1846 1617 καὶ
1890 1548 2056 1634 μεθ’
2105 1547 2357 1641 ἡμέραν
2369 1604 2387 1634 ,
2424 1559 2549 1636 ,καί

382 1677 561 1731 τινες
631 1656 766 1719 τῶν
833 1657 1195 1720 νεανίσκων
1263 1652 1637 1740 ἐρεσχηλεῖν
1703 1652 2103 1737 βουλόμενοι
2170 1646 2372 1721 αῦτὸν
2433 1655 2548 1720 καὶ

388 1756 743 1840 δειματοῦν
801 1755 1224 1839 στειλάμενοι
1275 1768 1532 1841 νεκροῖς
1602 1753 1912 1842 ἐμφερῶς
1968 1752 2213 1843 ἐσθῆτι
2267 1755 2545 1843 μελαίνῃ

386 1860 499 1924 καὶ
544 1863 1011 1942 προσωπείοις
1057 1856 1124 1936 ἐς
1164 1856 1249 1923 τὰ
1299 1863 1539 1944 κρανία
1582 1860 2067 1945 μεμιμημένοις
2111 1855 2550 1942 περιστάντες

388 1952 592 2026 αὖτὸν
636 1958 1104 2045 περιεχόρευον
1148 1954 1284 2026 ὕπὸ
1333 1969 1546 2042 πυκνῇ
1588 1962 1674 2047 τῇ
1712 1958 1912 2044 βάσει
1957 1952 2463 2048 ἀναπηδῶντες,
2510 1956 2546 2027 ὅ

393 2060 466 2127 δὲ
498 2056 650 2126 οὔτε
679 2059 895 2128 ἔδεισε
921 2059 1043 2150 τὴν
1072 2065 1535 2148 προσποίησιν
1582 2052 1799 2126 αὐτῶν
1835 2057 1988 2128 οὔτε
2017 2052 2192 2139 ὅλως
2222 2053 2552 2149 ἀνέβλεψε

286 2163 290 2167 ’
387 2160 563 2249 πρὸς
609 2156 867 2244 αυτούς,
914 2155 1085 2228 ἀλλὰ
1115 2160 1360 2247 μεταξὺ
1395 2161 1694 2250 γράφων,
1740 2162 2142 2245 Παύσασθε,
2189 2162 2340 2253 ε’φη,
2384 2171 2553 2232 παί-

390 2265 636 2347 ζοντες·
684 2290 858 2331 ουτω
886 2270 1179 2350 βεβαίως
1210 2264 1523 2332 ἐπίστευε
1550 2264 1756 2353 μηδὲν
1802 2260 1977 2332 εἶναι
2017 2265 2140 2345 τὰς
2183 2267 2405 2354 ψυχὰς
2449 2269 2551 2336 ε’τι

389 2366 516 2447 ε’ξω
545 2372 900 2454 γενομένας
926 2369 1060 2433 τῶν
1090 2365 1443 2451 σωμάτων.
1519 2368 1733 2433 Τοῦτο
1765 2365 1918 2454 φής,
1949 2392 1989 2452 η
1969 2351 2160 2432 ³⁰3²
2119 2392 2198 2446 09
2226 2363 2262 2435 3
2297 2361 2552 2454 Εὐκρά-

389 2493 526 2557 της,
573 2461 858 2557 ἀνόητόν
886 2495 1041 2537 τινα
1077 2464 1287 2556 ἄνδρα
1328 2471 1442 2536 καὶ
1485 2466 1604 2535 τὸν
1631 2468 2056 2557 Δημόκριτον
2100 2473 2442 2556 γενέσθαι,
2491 2471 2559 2538 ει’

286 2587 364 2643 83
396 2595 471 2659 γε
526 2563 739 2649 ούτως
795 2570 1199 2658 ἐγίγνωσκεν.
1289 2575 1390 2639 33.
1438 2568 1562 2657 εγώ
1626 2570 1698 2638 δὲ
1742 2567 1895 2656 ὖμῖν
1947 2574 2061 2639 καὶ
2117 2566 2280 2639 ἄλλο
2327 2572 2552 2697 διηγη-

392 2696 599 2759 σομαι
644 2666 846 2751 αυτὸς
887 2672 1173 2755 παθών,
1233 2697 1309 2739 ου
1355 2666 1521 2759 παρ’
1576 2669 1780 2740 ἄλλου
1839 2666 2156 2751 ἀκούσας·
2212 2673 2384 2757 τάχα
2425 2675 2553 2761 γὰρ

395 2765 474 2844 ἀν
516 2778 629 2857 καὶ
676 2774 785 2857 σύ,
846 2761 899 2841 ὦ
949 2774 1262 2863 Τυχιάδη,
1310 2768 1571 2843 ἀκούων
1622 2778 2168 2865 προβιβασθείης
2212 2774 2384 2862 πρὸς
2427 2775 2555 2863 τὴν

394 2871 725 2966 ἀλήθειαν
753 2879 875 2944 τοῦ
915 2876 1339 2966 διηγήματος.
1414 2873 1628 2944 ὁπότε
1668 2875 1796 2963 γὰρ
1843 2875 1913 2943 ἐν
1941 2876 2279 2965 Αἰγύπτῳ
2325 2878 2554 2965 διῆγον

392 2980 494 3047 ἔτι
537 2984 683 3058 νέος
714 2974 825 3060 ὥν,
870 2973 1004 3045 ὑπὸ
1038 2981 1157 3045 τοῦ
1188 2978 1448 3063 πατρὸς
1479 2978 1593 3046 ἐπὶ
1634 2978 1955 3057 παιδείας
1983 2978 2332 3066 προφάσει
2377 2978 2555 3047 ἀπο-

393 3082 691 3162 σταλείς,
751 3078 1153 3169 ἐπεθύμησα
1208 3078 1274 3158 ἐς
1317 3079 1599 3149 Κοπτὸν
1656 3074 2082 3158 ἀναπλεύσας
2125 3079 2385 3149 ἐκεῖθεν
2435 3080 2554 3149 ἐπὶ

391 3179 508 3249 τὸν
537 3186 869 3267 Μέμνονα
899 3180 1123 3263 ἐλθῳν
1168 3176 1450 3249 ἀκοῦσαι
1478 3181 1555 3250 τὸ
1593 3181 2054 3268 θαυμαστὸν’
2026 3194 2237 3250 εκεῖνο
2265 3175 2550 3271 ἠχοῦντα
2570 3204 2632 3254 60

391 3281 567 3371 πρὸς
627 3277 981 3367 ἀνίσχοντα
1035 3282 1152 3351 τὸν
1209 3276 1418 3373 ἥλιον.
1516 3284 1766 3352 ἐκείνου
1822 3285 1944 3369 μὲν
2001 3269 2115 3352 οῦν
2171 3279 2423 3373 ἤκουσα
2476 3279 2553 3352 οὗ

392 3384 562 3453 κατὰ
617 3384 694 3453 τὸ
741 3385 965 3455 κοινὸν
1021 3400 1166 3465 τοῖς
1208 3388 1492 3466 πολλοῖς
1552 3381 1811 3475 ασημόν
1861 3412 2014 3453 τινα
2059 3385 2320 3473 φωνήν,
2383 3380 2555 3454 ἀλλά

392 3514 512 3574 μοι
563 3490 677 3556 καὶ
736 3487 1006 3578 ἑχρησεν
1061 3484 1096 3556 ὅ
1143 3493 1445 3617 Μέμνων
1500 3482 1701 3567 αὐτὸς
1759 3483 2030 3567 ἀνοίξας
2070 3487 2147 3555 τὸ
2210 3488 2430 3573 στόμα
2486 3488 2556 3557 ἐν

395 3589 627 3661 ε’πεσιν
685 3589 890 3674 επτά,
947 3593 1058 3658 καὶ
1118 3591 1186 3658 εἰ’
1222 3614 1296 3677 γε
1337 3588 1428 3678 μὴ
1487 3588 1805 3677 περιττὸν
1858 3616 1971 3679 ην,
2035 3583 2204 3659 αὐτὰ
2263 3581 2344 3659 ἂν
2399 3588 2554 3677 ὑμῖν

289 3708 369 3767 84
403 3689 599 3761 εἶπον
654 3693 740 3760 τὰ
799 3694 950 3783 ἒπη.
1041 3699 1141 3761 34.
1195 3690 1363 3759 κατὰ
1421 3691 1495 3759 δὲ
1550 3690 1667 3760 τὸν
1721 3686 2064 3760 ἀνάπλουν
2120 3692 2342 3776 ἔτυχεν
2397 3690 2555 3783 ἡμῖν

396 3797 755 3879 συμπλέων
800 3800 1172 3882 Μεμφίτης
1214 3792 1380 3881 ἀνὴρ
1423 3819 1560 3861 των
1607 3795 2221 3882 ἱερογραμματέων,
2279 3793 2555 3880 θαυμά-

397 3918 544 3973 σιος
584 3895 706 3984 τὴν
751 3900 1000 3982 σοφίαν
1042 3898 1155 3963 καὶ
1197 3894 1316 3983 τὴν
1362 3898 1682 3965 παιδείαν
1733 3901 1966 3964 πᾶσαν
2012 3896 2210 3976 εἰδὼς
2251 3895 2371 3984 τὴν
2413 3899 2555 3966 Αἰ-

393 4002 723 4083 γυπτίων·
770 3994 1027 4084 ἐλέγετο
1074 3998 1146 4065 δὲ
1188 4002 1345 4084 τρία
1388 4001 1500 4066 καὶ
1532 3998 1780 4069 ε’ίκοσιν
1825 3997 1938 4087 ἐ’τη
1985 3997 2055 4067 ἓν
2096 4012 2238 4077 τοῖς
2285 3992 2557 4078 ἀδύτοις
