2867 4525
456 277 582 338 304

1192 275 1573 331 ADNOTATlo
1610 275 1881 330 cRrrch.

455 473 504 518 c.
536 457 635 514 20.
668 448 866 529 εὐθὺς
898 444 1022 515 οὖν
1069 494 1086 511 .
1118 493 1136 510 .
1168 494 1184 510 .
1230 449 1413 527 οἶκος
1458 493 1476 509 .
1508 494 1524 510 .
1558 492 1574 511 .
1621 455 1728 514 καὶ
1772 446 1851 514 τὰ
1897 454 2040 531 περὶ
2083 445 2161 513 τὸ
2205 440 2367 514 ἄστυ
2404 445 2626 514 πάντα

668 549 1017 637 ὠνησάμην
1065 550 1184 636 ἤδη
1229 604 1244 618 .
1292 603 1306 618 .
1355 603 1370 618 .
1420 603 1435 618 .
1485 548 1759 635 ὀλκήν.
1845 553 2070 614 Locum
2112 552 2627 631 impeditissimum

666 659 756 719 sic
796 656 1165 718 conformare
1209 655 1434 717 studui:
1479 651 1678 731 εὐθὺς
1722 649 1848 720 οὖν
1880 699 1895 714 .
1930 699 1945 714 .
1977 654 2179 733 οἶκος,
2226 647 2318 732 ὥς
2361 651 2445 718 ἂν
2489 655 2627 718 ἐπι·

669 753 996 840 σημότατα
1053 761 1306 839 οἰκοίην
1362 761 1472 821 καὶ
1527 754 1609 821 τὰ
1653 752 1829 839 παρὰ
1870 752 1947 820 τὸ
1994 752 2156 820 ἄστυ
2199 751 2414 820 πάντα
2456 754 2623 837 (ὀνη-

668 856 879 942 σοὶμην
921 852 1039 943 ἤδη
1083 856 1276 941 [πλὴν
1321 854 1445 924 ὅσα
1476 857 1714 936 Ἰσθμοῖ
1743 864 1852 923 καὶ
1881 860 2121 935 Πυθοῖ]
2150 859 2428 939 (itemque
2460 859 2624 935 quod

670 983 747 1026 ex
779 983 898 1025 uno
929 963 1136 1025 codice
1164 965 1294 1024 vult
1321 962 1566 1023 Bekker
1595 957 1787 1043 [πλὴν
1817 956 1942 1026 ὅσα
1971 956 2192 1037 θύμον
2221 966 2329 1025 καὶ
2356 961 2625 1040 λίσθοι])

673 1071 781 1130 καὶ
826 1066 895 1130 ἐν
930 1063 1232 1132 Ἐλευσῖνι
1277 1060 1399 1129 ὅσα
1445 1064 1548 1129 ἐπὶ
1590 1059 1882 1145 θαλάττῃ
1911 1069 2021 1128 καὶ
2050 1069 2194 1145 περὶ
2223 1059 2342 1128 τὸν
2374 1060 2623 1141 Ἰσθμὸν

673 1166 860 1247 ὀλίγα
903 1175 1040 1232 τῶν
1085 1163 1365 1246 α’γώνων
1403 1162 1605 1232 ἕνεκα.
1656 1166 1898 1231 εἴποτε
1929 1170 2005 1231 δὲ
2036 1185 2144 1245 pro
2175 1162 2262 1248 δὴ
2298 1165 2512 1243 (det.)
2557 1168 2624 1244 ἐς

668 1266 749 1335 τὰ
794 1270 941 1347 (Fr.)
986 1265 1220 1346 Ἰσθμιὰ
1276 1264 1725 1350 ἐπιδημήσαιμι
1738 1320 1759 1349 ,
1812 1274 1921 1332 καὶ
1977 1265 2056 1333 τὸ
2099 1265 2473 1333 Σικυώνιον
2515 1292 2622 1332 πε-

673 1376 835 1452 δίον,
881 1376 1008 1436 καὶ
1053 1366 1262 1448 ὅλως
1305 1372 1376 1435 εἴ
1412 1394 1564 1436 που
1611 1373 2064 1453 συνηρεφὲς
2107 1367 2146 1451 ἢ
2191 1367 2541 1452 ἔνυδρον
2574 1364 2623 1450 ’ἢ

673 1466 1081 1556 εῧκαρπον
1140 1474 1218 1538 ἐν
1260 1480 1353 1554 τῇ
1384 1470 1713 1538 Ἑλλάδι.
1799 1473 2066 1534 Iudicavi
2110 1475 2297 1553 enim,
2355 1473 2623 1551 inprimis

672 1576 1074 1639 tenendum
1130 1595 1203 1638 ac
1256 1576 1538 1637 tuendum
1584 1593 1748 1655 esse,
1806 1575 1963 1652 quod
2004 1574 2354 1636 Adimantus
2397 1593 2623 1636 summe

675 1683 1078 1758 exoptaverat,
1126 1679 1360 1741 domum
1404 1679 1775 1757 splendidam
1818 1679 2157 1755 opulentam
2200 1680 2261 1738 in
2303 1683 2462 1739 terra
2503 1677 2621 1739 fer-

673 1776 972 1862 tilissima,
1018 1782 1460 1860 amoenissima,
1506 1781 1863 1858 dulcissima,
1912 1780 2421 1860 excludenda,
2468 1798 2623 1857 quae

673 1885 845 1945 huius
888 1885 1047 1945 vitae
1084 1885 1444 1946 lautissimae
1490 1884 1731 1944 delicias
1774 1882 2011 1944 turbent
2053 1890 2271 1944 saxosa
2312 1886 2373 1944 et
2398 1885 2624 1944 sterilia

674 1988 829 2048 loca.
900 1987 1206 2048 Postremo
1237 1982 1450 2051 πάντα
1482 1986 1551 2051 ἐν
1580 1983 1780 2071 ὀλίγῳ
1813 1981 2217 2062 Ἀδειμάντου
2253 1981 2482 2050 ἔσται
2512 2004 2622 2062 pro

676 2091 843 2152 ἔστω
888 2088 1261 2150 scribendum
1306 2092 1397 2150 est
1422 2083 1672 2153 Acfflt
1749 2089 1903 2149 Aliis
1947 2092 2143 2148 autem
2188 2087 2264 2149 de
2293 2090 2489 2149 causis
2521 2106 2620 2148 ex·

675 2190 1043 2253 terminanda
1096 2193 1231 2251 sunt
1272 2187 1510 2268 Ἰσθμοῖ
1518 2234 1537 2270 ,
1595 2188 1755 2268 quod
1803 2191 1960 2250 male
2001 2189 2118 2250 hoc
2160 2190 2342 2268 priori
2384 2190 2518 2251 loco
2560 2191 2623 2249 in

676 2298 894 2356 sertum
944 2311 1078 2355 esse
1135 2295 1410 2370 opinatur
1460 2294 1583 2370 Fr„
1639 2294 1862 2369 quippe
1917 2292 2077 2369 quod
2118 2293 2298 2370 paulo
2341 2296 2476 2368 post
2517 2310 2622 2353 no-

677 2398 927 2456 minetur
961 2398 1106 2475 περὶ
1148 2389 1268 2457 τὸν
1300 2390 1546 2470 Ἰσθμὲν
1577 2392 1783 2474 ὀλίγα,
1827 2412 1946 2454 non
1977 2395 2167 2454 minus
2199 2413 2374 2471 quam
2404 2400 2627 2457 Πυθοῖ

674 2496 835 2574 quod
862 2499 1105 2574 propter
1132 2497 1379 2558 similem
1408 2498 1712 2575 utriusque
1737 2496 2130 2558 conditionem
2153 2498 2481 2576 importune
2503 2496 2620 2556 huc

673 2600 1018 2661 translatum
1073 2598 1357 2664 videatur.
1449 2600 1656 2660 Restat
1710 2603 1774 2659 ut
1828 2601 2177 2661 auctoritate
2219 2595 2463 2669 ACQ
2509 2616 2621 2675 pro

674 2705 886 2765 εἰποτε
932 2704 970 2764 δ
978 2696 1016 2781 ὴ
1061 2700 1434 2761 scribendum
1478 2701 1555 2760 sit
1596 2700 1809 2765 εἴποτε
1854 2705 1962 2782 δὲ,
2007 2703 2148 2779 quia
2185 2720 2338 2780 quae
2365 2719 2623 2777 sequun-

674 2809 768 2864 tur
831 2821 949 2863 non
1007 2801 1082 2861 ad
1125 2802 1548 2878 praecedentia
1602 2804 1928 2882 pertinent,
2001 2804 2107 2866 sed
2163 2805 2241 2865 ad
2291 2804 2619 2880 sequentia.

677 2905 1046 2981 Complector
1099 2905 1215 2964 iam
1274 2921 1428 2979 quae
1488 2904 1782 2965 servanda
1839 2910 2005 2967 sunt:
2066 2911 2174 2970 καὶ
2230 2903 2310 2971 τὰ
2353 2911 2498 2988 περὶ
2543 2901 2617 2969 τὸ

675 2998 836 3072 ἄστυ
895 3002 1109 3070 πάντα
1169 3001 1522 3086 ω’νησάμην
1576 2997 1695 3088 ἤδη
1739 3012 1848 3071 καὶ
1892 3009 1961 3072 ἐν
2005 3004 2304 3074 Ἐλευσῖνι
2350 3002 2472 3071 ὅσα
2517 3008 2619 3070 ἐπὶ

682 3103 972 3188 θαλάττῃ
1037 3113 1146 3172 καὶ
1211 3112 1356 3188 περὶ
1421 3103 1542 3171 τὸν
1598 3105 1845 3186 Ἰσθμὸν
1900 3108 2091 3189 ὀλίγα
2146 3118 2282 3175 τῶν
2340 3104 2619 3188 α’γώνων

678 3211 888 3281 ἔνεκα,
934 3209 1147 3273 εἴποτε
1178 3212 1242 3272 δὲ
1282 3211 1344 3285 ἐς
1376 3202 1719 3287 τὰ”1σθμια
1765 3209 2209 3294 ἐπιδημήσαιμι
2252 3216 2360 3275 καὶ
2404 3207 2482 3275 τὸ
2513 3219 2620 3275 Σι-

674 3305 974 3375 κυώνεον
1048 3315 1274 3375 πεδίον
1339 3316 1447 3374 καὶ
1514 3308 1687 3388 ὅλως
1754 3314 1814 3378 εἴ
1863 3310 1996 3379 πού
2052 3339 2114 3378 τι
2172 3317 2527 3396 συνηρεφὲς
2578 3309 2616 3392 ἢ

677 3417 957 3494 ἔνυδρον
1001 3409 1039 3493 ἢ
1096 3405 1427 3494 εὔκαρπον
1487 3415 1556 3478 ἐν
1608 3422 1687 3496 τῇ
1718 3413 1968 3482 Ἑλλάδι
2024 3412 2237 3481 πάντα
2293 3416 2364 3479 ἐν
2416 3413 2615 3500 ὀλίγῳ

674 3511 1080 3592 Ἀδειμάντου
1127 3513 1323 3580 ἔσται.

459 3636 511 3678 c.
540 3621 641 3678 21.
670 3613 756 3698 μὴ
802 3635 850 3697 μ
871 3614 886 3638 ’
927 3613 1169 3682 ανάλυε
1200 3613 1224 3700 ΙΙ
1252 3641 1365 3695 μοι
1409 3619 1507 3681 Fr.

456 3738 509 3780 c.
537 3722 638 3780 22.
671 3717 1073 3801 ἅλουργὶς
1106 3715 1129 3802 ΙΙ
1160 3738 1278 3780 om.
1323 3714 1448 3782 (2³21

458 3841 510 3882 c.
538 3825 638 3883 23.
669 3819 752 3886 ου’
795 3844 916 3886 κατ
938 3820 955 3843 ’
1000 3822 1104 3899 ἐμὲ
1137 3818 1161 3904 ΙΙ
1191 3840 1280 3882 me
1324 3822 1648 3901 indiynum.

459 3941 506 3987 c.
537 3927 638 3984 24.
667 3920 954 4006 ὑπῆρξεν
1007 3920 1099 3987 ἂν
1132 3921 1155 4004 ΙΙ
1188 3923 1384 3984 delevi
1427 3921 1509 3989 ἂν
1551 3925 1644 3986 his
1689 3919 1921 3991 Aona
1966 3959 2050 3968 —
2091 3918 2504 3999 θαυμ-άσια
2549 3924 2611 3985 δὲ

672 4025 735 4100 ἐς
778 4020 1020 4101 κάλλος
1062 4026 1303 4105 θέατρα
1335 4022 1359 4107 ΙΙ
1391 4022 1723 4107 δημόσια
1768 4028 1854 4104 [ἐς
1896 4022 2160 4103 κᾶλλος]
2205 4024 2371 4087 det.
2460 4026 2610 4085 Nam
