2867 4525
383 1360 557 1472 Cum
586 1397 796 1479 magis
825 1397 1162 1481 magisque
1191 1397 1350 1463 mihi
1390 1397 1872 1482 persuasissem,
1914 1394 2206 1463 codicum
2235 1397 2361 1463 Lu-

205 1534 580 1599 cianeorum
636 1530 1081 1598 condicionem
1138 1553 1281 1599 eam
1340 1553 1513 1619 esse,
1574 1540 1644 1600 ut
1697 1533 1986 1600 familiae
2031 1552 2160 1599 non
2202 1534 2363 1599 satis

206 1674 385 1735 certo
428 1668 707 1735 discerni
750 1669 1013 1753 possint,
1060 1665 1130 1733 id
1174 1688 1370 1750 agere
1413 1669 1689 1755 perrexi,
1736 1675 1806 1734 ut
1842 1687 2037 1753 quam
2068 1667 2361 1753 plurimis

203 1804 395 1872 bonis
437 1802 767 1871 codicibus
813 1804 1064 1871 collatis
1104 1824 1187 1871 ex
1220 1822 1437 1870 eorum
1469 1825 1783 1872 consensu
1813 1805 2089 1871 Luciani
2118 1804 2361 1889 scripta

208 1938 648 2007 emendentur.
723 1940 784 2006 A
828 1961 953 2025 quo
997 1941 1290 2007 instituto
1321 1961 1398 2007 eo
1429 1943 1642 2009 minus
1670 1941 1793 2008 fuit
1822 1961 1936 2007 cur
1965 1940 2358 2023 desisterem,

209 2074 386 2161 quod
438 2095 554 2161 per
595 2077 713 2143 hos
756 2077 902 2161 plus
960 2075 1180 2143 decem
1227 2097 1432 2145 annos
1477 2097 1665 2144 nemo
1710 2097 1793 2144 ne
1836 2082 2059 2144 auctor
2102 2074 2360 2163 quidem

206 2213 295 2279 M.
330 2212 667 2280 Rothstein
680 2210 738 2292 ¹⁸¹)
781 2211 866 2279 ad
910 2211 1127 2281 studia
1171 2234 1290 2281 sua
1332 2213 1720 2282 familiarum
1754 2214 2203 2298 cognationem
2232 2217 2359 2279 sta·

210 2347 488 2416 biliendi
535 2368 817 2434 unquam
863 2348 1074 2416 rediit.

381 2486 545 2552 Sunt
588 2492 804 2551 autem
849 2487 919 2551 in
961 2487 1132 2552 hunc
1176 2507 1387 2554 meum
1434 2508 1621 2555 usum
1666 2488 1925 2554 omnino
1968 2504 2194 2552 recens
2233 2485 2361 2551 col-

204 2623 329 2688 lati
359 2620 613 2689 codices
637 2621 939 2688 Vaticani
971 2628 1036 2690 et
1060 2623 1346 2690 Palatini
1377 2625 1731 2710 (quinque),
1763 2622 2018 2691 codices
2045 2621 2361 2688 Marciani

205 2758 418 2843 (duo),
473 2758 725 2826 codices
771 2759 1051 2826 Parisini
1097 2764 1305 2846 (tres),
1361 2759 1517 2827 Cod.
1564 2759 1873 2843 Urbinas,
1932 2756 2360 2825 Londinensis

203 2896 666 2977 (Harleianus)‚
697 2896 1097 2979 Mutinensis,
1132 2898 1627 2981 Laurentianus,
1661 2896 2087 2982 Upsaliensis,
2118 2893 2359 2962 Vindo-

44 3044 45 3053 ’
173 3032 547 3116 ·bonensis,
605 3031 1018 3100 Gorlicensis.
1106 3034 1185 3099 In
1228 3053 1354 3117 quo
1397 3032 1607 3100 officio
1652 3032 1914 3100 adiutus
1956 3053 2129 3116 sum,
2189 3031 2360 3118 quod

203 3168 574 3252 gratissimo
606 3169 820 3235 animo
854 3168 1170 3255 profiteor,
1216 3170 1826 3237 benevolentissima
1856 3190 2055 3255 opera
2079 3170 2358 3235 virorum

203 3305 276 3370 in
305 3304 432 3371 hac
459 3325 531 3372 re
557 3306 1136 3372 versutissimorum
1166 3305 1609 3388 Aldenhoven‚
1656 3306 1993 3390 Dziatzko,
2040 3307 2358 3388 Graeven,

203 3441 440 3526 Kruse,
485 3442 656 3525 Mau,
703 3440 1286 3527 Muller-Strflbing,
1333 3442 1550 3526 Niese,
1596 3442 1742 3509 Nils
1783 3443 1984 3526 Nilen,
2033 3442 2101 3508 O.
2149 3441 2357 3523 Peter,

202 3578 282 3644 Ε.
329 3575 574 3660 Rohde,
621 3576 1039 3661 Studemund,
1087 3578 1279 3661 Treu,
1324 3577 1571 3645 Vitelli.

381 3713 556 3794 Quos
596 3735 717 3797 ego
747 3714 888 3799 ipse
916 3714 1148 3780 iterato
1180 3733 1369 3782 cursu
1400 3715 1643 3781 contuli
1670 3714 2003 3796 Venetiae,
2047 3713 2357 3795 Mutinae,

207 3852 611 3935 Florentiae,
673 3852 918 3918 Romae
937 3899 954 3933 ,
1010 3850 1312 3934 Parisiis,
1360 3850 1681 3935 Upsalae,
1727 3849 2184 3932 Vindobonae,
2232 3869 2356 3915 non

379 4073 430 4127 *i
465 4070 826 4138 Quaestiones
860 4070 1190 4126 Lucianeae.
1233 4068 1471 4125 Berolini
1513 4073 1662 4125 1888.
