2867 4525
1033 318 1277 373 ΠΔΟΙΟΝ
1313 319 1358 363 Η
1394 319 1600 374 ΕΥΧΑΙ.
2323 323 2441 382 179

154 485 157 486 ⁷
270 484 493 566 νόουν,
544 484 741 563 εἷδῶς
783 485 892 554 ὅτι
936 486 1006 554 ἐν
1047 490 1287 575 γέλωτι
1330 492 1441 557 καὶ
1490 488 1844 575 σκώμματι
1888 490 2271 580 ποιήσεσθέ
2312 518 2442 578 μου

270 588 396 675 τὴν
442 580 647 675 εύχήν.
737 582 909 656 ὥστε
954 589 1239 669 ἐπιστὰς
1282 587 1550 677 μικρόν,
1610 586 1751 661 ἔστ’
1818 582 1900 660 ἀν
1942 590 2133 678 ύμεῖς
2174 620 2443 682 προχω-

271 689 552 779 ρήσητε,
615 685 1181 777 ἀποπλευσοῦμαι
1232 694 1443 762 πάλιν
1500 693 1614 762 ἐπὶ
1672 698 1792 784 τῆς
1844 695 2037 774 νεώς·
2095 695 2274 764 πολὺ
2316 696 2443 784 γὰρ

271 786 554 876 ἄμεινον
608 806 752 872 τοῖς
808 794 1083 874 ναύταις
1148 798 1559 881 προσλαλεῖν
1624 786 1668 886 ἢ
1728 791 1849 885 ὕφ’
1922 794 2108 883 ὑμῶν
2165 824 2443 887 καταγε-

269 897 559 963 λᾶσθαμ

446 1004 670 1067 AYK.
715 999 1091 1087 Μηδαμῶς,
1138 999 1287 1068 ἐπεὶ
1328 1000 1891 1089 συνεμβησόμεθά
1940 1025 2050 1070 σοι
2092 1006 2204 1070 καὶ
2251 998 2442 1073 αὐτοὶ

272 1098 696 1178 ἐπιστάντες.

445 1208 784 1269 ΑΔΕΙΜ.
843 1196 1026 1270 Ἀλλ’
1101 1200 1458 1294 ὖφαιρήσω
1511 1204 1632 1295 τὴν
1695 1199 2112 1292 ἀποβάθραν
2164 1231 2444 1295 προεισ-

271 1304 522 1371 ελθών.

441 1398 666 1473 ΛΥΚ.
724 1402 978 1474 Οὐκοῦν
1021 1405 1211 1496 ἡμεῖς
1253 1434 1329 1495 γε
1373 1409 1902 1498 προσνηξόμεθα
1945 1406 2135 1494 ύμῖν·
2180 1410 2268 1498 μὴ
2315 1410 2442 1498 γὰρ

270 1508 423 1575 οἵου
470 1510 583 1576 σοὶ
625 1509 746 1592 μὲν
793 1505 967 1577 εἶναι
1010 1509 1244 1600 ῥᾴδιον
1288 1514 1650 1600 τηλικαῦτα
1681 1514 1890 1580 πλοῖα
1933 1515 2235 1579 κτᾶσθαι
2276 1512 2444 1598 μήτε

268 1615 626 1697 πριαμένῳ
670 1611 838 1698 μήτε
882 1618 1489 1701 ναυπηγησαμένῳ,
1547 1609 1739 1703 ἡμεῖς
1795 1614 1868 1680 δὲ
1923 1609 2038 1680 οὐκ
2082 1613 2442 1701 αἰτήσομεν

268 1711 463 1793 παρὰ
507 1715 641 1779 τῶν
683 1716 869 1780 θεῶν
915 1713 1031 1780 ἐπὶ
1078 1714 1370 1793 πολλοὺς
1412 1715 1727 1793 σταδίους
1773 1708 2061 1804 ἀκμῆτες
2106 1709 2443 1783 δύνασθαι

267 1826 409 1881 νεῖν
423 1842 445 1896 ,·
485 1819 710 1882 καίτοι
753 1815 991 1904 πρῴην
1035 1817 1149 1883 καὶ
1194 1816 1291 1894 εἰς
1334 1817 1632 1903 Αἴγιναν
1678 1816 1796 1884 ἐπὶ
1838 1816 1958 1904 τὴν
2001 1820 2118 1904 τῆς
2148 1811 2443 1896 Ἐνοδίας

267 1915 541 2003 τελετὴν
601 1913 813 1984 οἶσθα
867 1916 935 1985 ἐν
991 1914 1201 2007 ἡλίκῳ
1262 1918 1604 2007 σκαφιδίῳ
1649 1919 1899 1997 πάντες
1953 1913 2094 2004 ἅμα
2139 1920 2205 1987 οἱ
2250 1922 2444 2008 φίλοι

265 2016 605 2104 τεττάρων
664 2019 939 2098 ἕκαστος
997 2013 1256 2106 ὀβολῶν
1312 2021 1827 2106 διεπλεύσαμεν,
1885 2025 1996 2089 καὶ
2055 2019 2246 2090 οὐδὲν
2293 2022 2441 2088 ἐδυ-

269 2125 612 2204 σχέραινες
641 2118 817 2209 ἡμᾶς
850 2124 1332 2207 συμπλέοντας,
1379 2127 1496 2192 νῦν
1539 2125 1612 2191 δὲ
1644 2120 2051 2211 ἀγανακτεῖς,
2099 2124 2160 2192 εἰ
2204 2148 2441 2209 συνεμ-

152 2244 250 2296 259
269 2223 634 2312 βησόμεθά
680 2248 809 2308 σοι,
854 2228 969 2295 καὶ
998 2225 1117 2316 τὴν
1150 2221 1569 2314 ἀποβάθραν
1598 2226 2065 2313 προεισελθών
2096 2222 2444 2316 ἀφαιρεῖς

265 2322 656 2416 ὖπερμαζᾷς
685 2327 831 2415 γάρ,
865 2314 919 2395 ῶ
942 2323 1358 2414 Ἀδείμαντε,
1404 2333 1515 2398 καὶ
1550 2329 1618 2409 ἐς
1645 2330 1763 2398 τὸν
1792 2329 2046 2399 κόλπον
2080 2323 2154 2398 οὗ
2186 2330 2440 2412 πτύεις,

268 2421 427 2495 ουδὲ
472 2426 686 2497 οἶσθα
730 2428 919 2508 όστις
963 2420 1057 2496 ὧν
1109 2434 1515 2521 ναυκληρεῖς.
1606 2426 1817 2512 ούτως
1874 2432 2082 2520 ἐπῆρέ
2128 2456 2203 2500 σε
2244 2435 2358 2501 καὶ
2400 2429 2439 2519 ἡ

268 2529 452 2597 οἰκία
513 2531 581 2599 ἐν
636 2533 820 2619 καλῳ
878 2536 995 2616 τῆς
1051 2532 1320 2611 πόλεως
1380 2533 1910 2660 οἰκοδομηθεῖσα
1951 2538 2064 2602 καὶ
2107 2538 2243 2602 τῶν
2288 2528 2443 2602 ἀκο-

269 2632 543 2700 λούθων
586 2634 662 2701 τὸ
711 2636 1001 2721 πλῆθος.
1080 2629 1227 2701 ἀλλ’
1266 2621 1519 2721 ωγαθέ,
1565 2636 1741 2724 πρὸς
1773 2640 1890 2723 τῆς
1905 2633 2155 2715 Ἴσιδος
2193 2627 2315 2704 κάν
2357 2637 2443 2703 τὰ

269 2737 549 2822 Νειλῳα
593 2740 807 2803 ταῦτα
851 2743 1083 2825 ταρίχη
1129 2737 1214 2803 τὰ
1264 2738 1478 2804 λεπτὰ
1536 2742 1834 2825 μέμνησο
1878 2735 2036 2827 ἡμῖν
2082 2733 2264 2825 άγειν
2311 2724 2435 2804 ἀπ

266 2830 723 2924 Αἰγύπτου”
679 2866 719 2926 η
764 2839 974 2925 μύρον
1006 2835 1144 2908 ἀπὸ
1176 2844 1296 2908 τοῦ
1328 2840 1667 2908 Κανώπου
1697 2830 1740 2929 ἢ
1757 2826 1915 2927 Ιβιν
1957 2840 2026 2907 ἐκ
2054 2828 2442 2929 Μέμφιδος,

271 2940 336 3007 εἰ
383 2941 457 3007 δὲ
500 2937 540 3027 ἡ
589 2944 751 3019 ναῦς
798 2940 1097 3022 ἐδύνατο,
1142 2944 1255 3008 καὶ
1300 2946 1431 3010 τῶν
1472 2943 1880 3062 πυραμίδων
1924 2946 2106 3026 μίαν.

452 3049 549 3112 16.
604 3049 800 3110 ΤΙΜ.
829 3036 1029 3122 Ἀλις
1072 3044 1384 3126 παιδιᾶς,
1445 3030 1500 3110 ῶ
1544 3053 1819 3113 Λυκῖνε.
1907 3040 2101 3135 ὁρᾷς,
2155 3041 2247 3123 ῶς
2293 3043 2438 3132 ἐρυ-
2473 3057 2546 3111 16

271 3148 487 3233 θριᾶν
520 3138 960 3229 Ἀδείμαντον
1006 3144 1333 3233 ἐποίησας
1378 3149 1615 3234 πολλῶ
1657 3150 1753 3234 τῶ
1796 3149 2038 3233 γέλωτι
2083 3145 2444 3224 ἐπικλύσας

273 3245 353 3314 τὸ
401 3248 665 3328 πλοῖον,
714 3241 803 3324 ῶς
845 3242 1260 3332 ὗπέραντλον
1292 3244 1469 3316 εἶναι
1499 3252 1610 3315 καὶ
1656 3252 1890 3336 μηκέτι
1934 3244 2226 3330 ἀπέχειν
2271 3247 2444 3331 πρὸς

271 3349 352 3417 τὸ
405 3348 717 3436 ἐπιρρέον
730 3378 754 3433 ,·
807 3351 920 3417 καὶ
976 3349 1258 3437 ἐπείπερ
1304 3350 1404 3418 ἔτι
1450 3349 1624 3418 πολὺ
1683 3346 1840 3439 ἡμῖν
1885 3348 1961 3416 τὸ
2013 3349 2255 3417 λοιπόν
2301 3348 2445 3415 ἐστι

273 3451 455 3536 πρὸς
510 3450 584 3518 τὸ
647 3447 847 3533 ἄστυ,
908 3451 1283 3535 διελόμενοι
1337 3456 1616 3540 τετραχῆ
1671 3452 1790 3539 τὴν
1846 3447 2006 3518 ὁδὸν
2064 3449 2233 3516 κατὰ
2289 3449 2446 3527 τούς

275 3553 776 3638 ἐπιβάλλοντας
821 3554 894 3633 ἓξ
936 3554 1209 3632 ἕκαστος
1255 3556 1571 3633 σταδίους
1617 3554 1905 3639 αἰτῶμεν
1951 3546 2125 3675 ἡὶπερ
2172 3542 2254 3618 ἀν
2285 3551 2447 3637 δοκῇ

276 3655 471 3742 παρὰ
517 3660 652 3723 τῶν
698 3659 915 3723 θεῶν·
965 3654 1138 3723 ούτω
1180 3654 1306 3743 γὰρ
1354 3683 1434 3723 αν
1477 3654 1653 3745 ἡμᾶς
1697 3650 1736 3724 ό
1779 3681 1852 3723 τε
1893 3655 2190 3739 κάματος
2236 3655 2447 3722 λάθοι

274 3763 392 3828 καὶ
440 3751 581 3843 άμα
644 3755 1162 3847 εὐφρονούμεθα
1226 3757 1457 3845 ὥσπερ
1513 3755 1781 3877 ἡδίστῳ
1823 3751 2121 3845 ὀνείρατι
2165 3756 2445 3845 ἑκουσίῳ

277 3860 797 3947 περιπεσόντες,
856 3861 943 3949 εφ
1026 3854 1187 3929 όσον
1230 3859 1652 3946 βουλόμεθα,
1712 3886 1781 3927 ευ
1839 3859 2200 3949 ποιήσοντι
2241 3858 2446 3949 ἡμᾶς·

278 3958 451 4052 παρ’
504 3958 688 4050 αύτῷ
729 3990 857 4052 γαρ
904 3959 1159 4050 εκάστῳ
1201 3963 1277 4030 τὸ
1324 3967 1568 4048 μέτρον
1611 3967 1728 4052 τῆς
1775 3956 1980 4050 εύχῆς,
2023 3966 2134 4031 καὶ
2182 3965 2247 4030 οἱ
2289 3968 2447 4030 θεοὶ

277 4063 514 4135 πάντα
567 4062 1092 4134 ὑποκείσθωσαν
1148 4065 1581 4153 παρέξοντες,
1642 4066 1702 4133 εἰ
1755 4069 1866 4133 καὶ
1909 4070 1993 4154 τῇ
2038 4060 2239 4153 φύσει
2283 4062 2449 4131 ἀπί-

2035 4165 2142 4220 12*
