<?xml version="1.0" encoding="UTF-8"?>
<!DOCTYPE html PUBLIC "-//W3C//DTD XHTML 1.0 Transitional//EN"
    "http://www.w3.org/TR/xhtml1/DTD/xhtml1-transitional.dtd">
<html xmlns="http://www.w3.org/1999/xhtml" xml:lang="en" lang="en">
 <head>
  <title>
</title>
<meta http-equiv="Content-Type" content="text/html;charset=utf-8" />
  <meta name='ocr-system' content='tesseract 3.04.00' />
  <meta name='ocr-capabilities' content='ocr_page ocr_carea ocr_par ocr_line ocrx_word'/>
</head>
<body>
  <div class='ocr_page' id='page_1' title='image "./lucianus02sommgoog_0039.png"; bbox 0 0 2867 4525; ppageno 0'>
   <div class='ocr_carea' id='block_1_1' title="bbox 874 301 2338 366">
    <p class='ocr_par' dir='ltr' id='par_1_1' title="bbox 874 301 2338 366">
     <span class='ocr_line' id='line_1_1' title="bbox 874 301 2338 366; baseline 0.009 -13"><span class='ocrx_word' id='word_1_1' title='bbox 874 301 978 353; x_wconf 87' lang='grc' dir='ltr'><strong><em>ΔΙΣ</em></strong></span> <span class='ocrx_word' id='word_1_2' title='bbox 1014 302 1646 358; x_wconf 75' lang='grc' dir='ltr'><strong>ΚΑΤΗΓΟΡΟΥΜΕΝΟΣ.</strong></span> <span class='ocrx_word' id='word_1_3' title='bbox 2257 309 2338 366; x_wconf 85' lang='grc'><strong><em>21</em></strong></span> 
     </span>
    </p>
   </div>
   <div class='ocr_carea' id='block_1_2' title="bbox 80 464 2435 4132">
    <p class='ocr_par' dir='ltr' id='par_1_2' title="bbox 82 464 2435 1278">
     <span class='ocr_line' id='line_1_2' title="bbox 82 464 2341 561; baseline 0.004 -26"><span class='ocrx_word' id='word_1_4' title='bbox 82 472 295 538; x_wconf 81' lang='grc' dir='ltr'><strong><em>833καὶ</em></strong></span> <span class='ocrx_word' id='word_1_5' title='bbox 365 469 444 538; x_wconf 83' lang='grc' dir='ltr'><strong><em>τὸ</em></strong></span> <span class='ocrx_word' id='word_1_6' title='bbox 515 471 730 559; x_wconf 83' lang='grc' dir='ltr'><strong><em>δῆγμα</em></strong></span> <span class='ocrx_word' id='word_1_7' title='bbox 797 473 1163 590; x_wconf 75' lang='grc' dir='ltr'><strong><em>λαθραῖον,</em></strong></span> <span class='ocrx_word' id='word_1_8' title='bbox 1233 464 1374 560; x_wconf 86' lang='grc' dir='ltr'><strong><em>όσῳ</em></strong></span> <span class='ocrx_word' id='word_1_9' title='bbox 1440 475 1554 541; x_wconf 87' lang='grc' dir='ltr'><strong><em>καὶ</em></strong></span> <span class='ocrx_word' id='word_1_10' title='bbox 1617 475 1826 561; x_wconf 88' lang='grc' dir='ltr'><strong><em>γελῶν</em></strong></span> <span class='ocrx_word' id='word_1_11' title='bbox 1885 468 2023 561; x_wconf 90' lang='grc' dir='ltr'><strong><em>άμα</em></strong></span> <span class='ocrx_word' id='word_1_12' title='bbox 2091 476 2341 546; x_wconf 87' lang='grc' dir='ltr'><strong><em>ε’δακνε.</em></strong></span> 
     </span>
     <span class='ocr_line' id='line_1_3' title="bbox 178 557 2345 666; baseline 0.003 -26"><span class='ocrx_word' id='word_1_13' title='bbox 178 577 334 652; x_wconf 89' lang='grc' dir='ltr'><strong><em>πῶς</em></strong></span> <span class='ocrx_word' id='word_1_14' title='bbox 380 557 495 641; x_wconf 72' lang='grc' dir='ltr'><strong><em>οὖν</em></strong></span> <span class='ocrx_word' id='word_1_15' title='bbox 540 568 616 640; x_wconf 80' lang='grc' dir='ltr'><strong><em>οὗ</em></strong></span> <span class='ocrx_word' id='word_1_16' title='bbox 663 571 850 640; x_wconf 82' lang='grc' dir='ltr'><strong><em>δεινὰ</em></strong></span> <span class='ocrx_word' id='word_1_17' title='bbox 893 565 1220 660; x_wconf 75' lang='grc' dir='ltr'><strong><em>ὕβρισμαι</em></strong></span> <span class='ocrx_word' id='word_1_18' title='bbox 1262 569 1493 664; x_wconf 76' lang='grc' dir='ltr'><strong><em>μηκέτ’</em></strong></span> <span class='ocrx_word' id='word_1_19' title='bbox 1556 575 1675 643; x_wconf 87' lang='grc' dir='ltr'><strong><em>ἐπὶ</em></strong></span> <span class='ocrx_word' id='word_1_20' title='bbox 1729 580 1852 644; x_wconf 84' lang='grc' dir='ltr'><strong><em>τοῦ</em></strong></span> <span class='ocrx_word' id='word_1_21' title='bbox 1896 578 2142 645; x_wconf 81' lang='grc' dir='ltr'><strong><em>οἰκείου</em></strong></span> <span class='ocrx_word' id='word_1_22' title='bbox 2188 578 2345 666; x_wconf 87' lang='grc' dir='ltr'><strong><em>σχή-</em></strong></span> 
     </span>
     <span class='ocr_line' id='line_1_4' title="bbox 177 669 2343 765; baseline 0.002 -22"><span class='ocrx_word' id='word_1_23' title='bbox 177 700 396 761; x_wconf 88' lang='grc' dir='ltr'><strong><em>ματος</em></strong></span> <span class='ocrx_word' id='word_1_24' title='bbox 460 676 824 760; x_wconf 79' lang='grc' dir='ltr'><strong><em>διαμένων,</em></strong></span> <span class='ocrx_word' id='word_1_25' title='bbox 893 669 1063 741; x_wconf 80' lang='grc' dir='ltr'><strong><em>ἀλλὰ</em></strong></span> <span class='ocrx_word' id='word_1_26' title='bbox 1129 678 1471 765; x_wconf 79' lang='grc' dir='ltr'><strong><em>κωμῳδῶν</em></strong></span> <span class='ocrx_word' id='word_1_27' title='bbox 1535 681 1646 746; x_wconf 82' lang='grc' dir='ltr'><strong><em>καὶ</em></strong></span> <span class='ocrx_word' id='word_1_28' title='bbox 1702 682 2175 765; x_wconf 87' lang='grc' dir='ltr'><strong><em>γελωτοποιῶν</em></strong></span> <span class='ocrx_word' id='word_1_29' title='bbox 2230 684 2343 748; x_wconf 88' lang='grc' dir='ltr'><strong><em>καὶ</em></strong></span> 
     </span>
     <span class='ocr_line' id='line_1_5' title="bbox 176 771 2345 867; baseline 0.003 -22"><span class='ocrx_word' id='word_1_30' title='bbox 176 775 556 857; x_wconf 72' lang='grc' dir='ltr'><strong><em>ὑποθέσεις</em></strong></span> <span class='ocrx_word' id='word_1_31' title='bbox 599 771 1003 857; x_wconf 74' lang='grc' dir='ltr'><strong><em>ἀλλοκότους</em></strong></span> <span class='ocrx_word' id='word_1_32' title='bbox 1047 773 1575 865; x_wconf 74' lang='grc' dir='ltr'><strong><em>ὑποκρινόμενος</em></strong></span> <span class='ocrx_word' id='word_1_33' title='bbox 1623 774 1836 867; x_wconf 72' lang='grc' dir='ltr'><strong><em>αὗτῷς</em></strong></span> <span class='ocrx_word' id='word_1_34' title='bbox 1876 782 1954 849; x_wconf 89' lang='grc' dir='ltr'><strong><em>τὸ</em></strong></span> <span class='ocrx_word' id='word_1_35' title='bbox 1999 781 2126 867; x_wconf 79' lang='grc' dir='ltr'><strong><em>γὰρ</em></strong></span> <span class='ocrx_word' id='word_1_36' title='bbox 2171 783 2345 851; x_wconf 85' lang='grc' dir='ltr'><strong><em>πάν-</em></strong></span> 
     </span>
     <span class='ocr_line' id='line_1_6' title="bbox 175 875 2347 970; baseline 0.002 -23"><span class='ocrx_word' id='word_1_37' title='bbox 175 907 313 949; x_wconf 90' lang='grc' dir='ltr'><strong><em>των</em></strong></span> <span class='ocrx_word' id='word_1_38' title='bbox 347 875 815 963; x_wconf 83' lang='grc' dir='ltr'><strong><em>ἀτοπώτατον,</em></strong></span> <span class='ocrx_word' id='word_1_39' title='bbox 848 884 1086 968; x_wconf 80' lang='grc' dir='ltr'><strong><em>κρᾶσίν</em></strong></span> <span class='ocrx_word' id='word_1_40' title='bbox 1107 907 1260 949; x_wconf 91' lang='grc' dir='ltr'><strong><em>τινα</em></strong></span> <span class='ocrx_word' id='word_1_41' title='bbox 1282 882 1672 967; x_wconf 84' lang='grc' dir='ltr'><strong><em>παράδοξον</em></strong></span> <span class='ocrx_word' id='word_1_42' title='bbox 1701 889 2024 970; x_wconf 85' lang='grc' dir='ltr'><strong><em>κέκραμαι</em></strong></span> <span class='ocrx_word' id='word_1_43' title='bbox 2051 887 2162 952; x_wconf 88' lang='grc' dir='ltr'><strong><em>καὶ</em></strong></span> <span class='ocrx_word' id='word_1_44' title='bbox 2196 880 2347 952; x_wconf 74' lang='grc' dir='ltr'><strong><em>οὔτε</em></strong></span> 
     </span>
     <span class='ocr_line' id='line_1_7' title="bbox 176 978 2345 1074; baseline 0.001 -24"><span class='ocrx_word' id='word_1_45' title='bbox 176 982 388 1064; x_wconf 88' lang='grc' dir='ltr'><strong><em>πεζός</em></strong></span> <span class='ocrx_word' id='word_1_46' title='bbox 421 982 562 1068; x_wconf 88' lang='grc' dir='ltr'><strong><em>εἰμι</em></strong></span> <span class='ocrx_word' id='word_1_47' title='bbox 593 978 732 1050; x_wconf 80' lang='grc' dir='ltr'><strong><em>ούτ’</em></strong></span> <span class='ocrx_word' id='word_1_48' title='bbox 777 981 896 1050; x_wconf 84' lang='grc' dir='ltr'><strong><em>ἐπὶ</em></strong></span> <span class='ocrx_word' id='word_1_49' title='bbox 927 986 1056 1049; x_wconf 82' lang='grc' dir='ltr'><strong><em>τῶν</em></strong></span> <span class='ocrx_word' id='word_1_50' title='bbox 1085 987 1344 1069; x_wconf 88' lang='grc' dir='ltr'><strong><em>μέτρων</em></strong></span> <span class='ocrx_word' id='word_1_51' title='bbox 1372 989 1645 1074; x_wconf 85' lang='grc' dir='ltr'><strong><em>βέβηκα,</em></strong></span> <span class='ocrx_word' id='word_1_52' title='bbox 1685 979 1918 1052; x_wconf 51' lang='grc' dir='ltr'><strong><em>ἀλλὰ(</em></strong></span> <span class='ocrx_word' id='word_1_53' title='bbox 1893 985 2345 1053; x_wconf 87' lang='grc' dir='ltr'><strong><em>ιπποκενταύ-</em></strong></span> 
     </span>
     <span class='ocr_line' id='line_1_8' title="bbox 177 1084 2343 1174; baseline -0 -20"><span class='ocrx_word' id='word_1_54' title='bbox 177 1112 301 1174; x_wconf 87' lang='grc' dir='ltr'><strong><em>ρου</em></strong></span> <span class='ocrx_word' id='word_1_55' title='bbox 336 1087 527 1174; x_wconf 84' lang='grc' dir='ltr'><strong><em>δίκην</em></strong></span> <span class='ocrx_word' id='word_1_56' title='bbox 550 1085 882 1154; x_wconf 87' lang='grc' dir='ltr'><strong><em>σύνθετόν</em></strong></span> <span class='ocrx_word' id='word_1_57' title='bbox 904 1111 971 1153; x_wconf 88' lang='grc' dir='ltr'><strong><em>τι</em></strong></span> <span class='ocrx_word' id='word_1_58' title='bbox 1001 1088 1114 1152; x_wconf 87' lang='grc' dir='ltr'><strong><em>καὶ</em></strong></span> <span class='ocrx_word' id='word_1_59' title='bbox 1141 1084 1325 1163; x_wconf 84' lang='grc' dir='ltr'><strong><em>ξένον</em></strong></span> <span class='ocrx_word' id='word_1_60' title='bbox 1350 1086 1593 1174; x_wconf 85' lang='grc' dir='ltr'><strong><em>φάσμα</em></strong></span> <span class='ocrx_word' id='word_1_61' title='bbox 1619 1101 1766 1166; x_wconf 85' lang='grc' dir='ltr'><strong><em>τοῖς</em></strong></span> <span class='ocrx_word' id='word_1_62' title='bbox 1799 1084 2117 1156; x_wconf 77' lang='grc' dir='ltr'><strong><em>ἀκούουσι</em></strong></span> <span class='ocrx_word' id='word_1_63' title='bbox 2150 1087 2343 1156; x_wconf 86' lang='grc' dir='ltr'><strong><em>δοκῶ</em></strong></span> 
     </span>
     <span class='ocr_line' id='line_1_9' title="bbox 354 1172 2435 1278; baseline 0.002 -23"><span class='ocrx_word' id='word_1_64' title='bbox 354 1194 459 1256; x_wconf 82' lang='lat'><strong><em>34.</em></strong></span> <span class='ocrx_word' id='word_1_65' title='bbox 505 1192 719 1255; x_wconf 89' lang='lat' dir='ltr'><strong><em>EPM.</em></strong></span> <span class='ocrx_word' id='word_1_66' title='bbox 775 1194 860 1255; x_wconf 91' lang='grc' dir='ltr'><strong><em>Τί</em></strong></span> <span class='ocrx_word' id='word_1_67' title='bbox 907 1172 1021 1255; x_wconf 80' lang='grc' dir='ltr'><strong><em>ούν</em></strong></span> <span class='ocrx_word' id='word_1_68' title='bbox 1066 1210 1242 1273; x_wconf 86' lang='grc' dir='ltr'><strong><em>προς</em></strong></span> <span class='ocrx_word' id='word_1_69' title='bbox 1283 1192 1497 1255; x_wconf 79' lang='grc' dir='ltr'><strong><em>ταῦτα</em></strong></span> <span class='ocrx_word' id='word_1_70' title='bbox 1545 1187 1734 1277; x_wconf 81' lang='grc' dir='ltr'><strong><em>ἐρεῖς,</em></strong></span> <span class='ocrx_word' id='word_1_71' title='bbox 1783 1174 1837 1255; x_wconf 83' lang='grc' dir='ltr'><strong><em>ῶ</em></strong></span> <span class='ocrx_word' id='word_1_72' title='bbox 1880 1190 2086 1278; x_wconf 73' lang='grc' dir='ltr'><strong><em>Σύρες</em></strong></span> <span class='ocrx_word' id='word_1_73' title='bbox 2357 1202 2435 1259; x_wconf 75' lang='grc'><strong><em>84</em></strong></span> 
     </span>
    </p>

    <p class='ocr_par' dir='ltr' id='par_1_3' title="bbox 80 1275 2359 4132">
     <span class='ocr_line' id='line_1_10' title="bbox 354 1275 2347 1379; baseline 0.001 -23"><span class='ocrx_word' id='word_1_74' title='bbox 354 1296 546 1358; x_wconf 79' lang='grc' dir='ltr'><strong>ΣΥΡ.</strong></span> <span class='ocrx_word' id='word_1_75' title='bbox 583 1284 1152 1379; x_wconf 75' lang='grc' dir='ltr'><strong><em>Ἀπροσδόκητον,</em></strong></span> <span class='ocrx_word' id='word_1_76' title='bbox 1196 1275 1255 1355; x_wconf 81' lang='grc' dir='ltr'><strong><em>ῶ</em></strong></span> <span class='ocrx_word' id='word_1_77' title='bbox 1300 1285 1537 1376; x_wconf 88' lang='grc' dir='ltr'><strong><em>ανδρες</em></strong></span> <span class='ocrx_word' id='word_1_78' title='bbox 1581 1292 1912 1375; x_wconf 87' lang='grc' dir='ltr'><strong><em>δικασταί,</em></strong></span> <span class='ocrx_word' id='word_1_79' title='bbox 1957 1291 2076 1359; x_wconf 85' lang='grc' dir='ltr'><strong><em>τὸν</em></strong></span> <span class='ocrx_word' id='word_1_80' title='bbox 2121 1285 2347 1376; x_wconf 86' lang='grc' dir='ltr'><strong><em>ἀγῶνα</em></strong></span> 
     </span>
     <span class='ocr_line' id='line_1_11' title="bbox 174 1385 2346 1481; baseline 0 -21"><span class='ocrx_word' id='word_1_81' title='bbox 174 1397 420 1460; x_wconf 81' lang='grc' dir='ltr'><strong><em>τοῦτον</em></strong></span> <span class='ocrx_word' id='word_1_82' title='bbox 489 1387 899 1478; x_wconf 87' lang='grc' dir='ltr'><strong><em>ἀγωνίζομαι</em></strong></span> <span class='ocrx_word' id='word_1_83' title='bbox 964 1385 1132 1478; x_wconf 78' lang='grc' dir='ltr'><strong><em>παρ’</em></strong></span> <span class='ocrx_word' id='word_1_84' title='bbox 1205 1387 1394 1475; x_wconf 80' lang='grc' dir='ltr'><strong><em>ύμῖν·</em></strong></span> <span class='ocrx_word' id='word_1_85' title='bbox 1461 1386 1690 1460; x_wconf 91' lang='grc' dir='ltr'><strong><em>πάντα</em></strong></span> <span class='ocrx_word' id='word_1_86' title='bbox 1742 1398 1902 1481; x_wconf 82' lang='grc' dir='ltr'><strong><em>γοῦν</em></strong></span> <span class='ocrx_word' id='word_1_87' title='bbox 1954 1395 2209 1480; x_wconf 84' lang='grc' dir='ltr'><strong><em>μᾶλλον</em></strong></span> <span class='ocrx_word' id='word_1_88' title='bbox 2263 1420 2346 1462; x_wconf 93' lang='grc' dir='ltr'><strong><em>αν</em></strong></span> 
     </span>
     <span class='ocr_line' id='line_1_12' title="bbox 175 1484 2347 1584; baseline 0 -23"><span class='ocrx_word' id='word_1_89' title='bbox 175 1484 536 1584; x_wconf 58' lang='lat' dir='ltr'><strong><em>maaca*</em></strong></span> <span class='ocrx_word' id='word_1_90' title='bbox 493 1523 528 1579; x_wconf 85' lang='grc' dir='ltr'><strong><em>η</em></strong></span> <span class='ocrx_word' id='word_1_91' title='bbox 578 1493 699 1562; x_wconf 83' lang='grc' dir='ltr'><strong><em>τὸν</em></strong></span> <span class='ocrx_word' id='word_1_92' title='bbox 727 1492 1067 1579; x_wconf 88' lang='grc' dir='ltr'><strong><em>Διάλογον</em></strong></span> <span class='ocrx_word' id='word_1_93' title='bbox 1111 1498 1392 1561; x_wconf 84' lang='grc' dir='ltr'><strong><em>τοιαῦτα</em></strong></span> <span class='ocrx_word' id='word_1_94' title='bbox 1438 1495 1611 1581; x_wconf 85' lang='grc' dir='ltr'><strong><em>ἐρεῖν</em></strong></span> <span class='ocrx_word' id='word_1_95' title='bbox 1656 1500 1817 1578; x_wconf 90' lang='grc' dir='ltr'><strong><em>περὶ</em></strong></span> <span class='ocrx_word' id='word_1_96' title='bbox 1861 1493 2113 1581; x_wconf 84' lang='grc' dir='ltr'><strong><em>ἐμοῦ,</em></strong></span> <span class='ocrx_word' id='word_1_97' title='bbox 2087 1493 2165 1563; x_wconf 86' lang='grc' dir='ltr'><strong><em>ὀν</em></strong></span> <span class='ocrx_word' id='word_1_98' title='bbox 2210 1521 2347 1561; x_wconf 84' lang='grc' dir='ltr'><strong><em>πα-</em></strong></span> 
     </span>
     <span class='ocr_line' id='line_1_13' title="bbox 177 1594 2347 1684; baseline -0 -20"><span class='ocrx_word' id='word_1_99' title='bbox 177 1594 497 1684; x_wconf 89' lang='grc' dir='ltr'><strong><em>ραλαβων</em></strong></span> <span class='ocrx_word' id='word_1_100' title='bbox 553 1594 679 1683; x_wconf 78' lang='grc' dir='ltr'><strong><em>ἐγώ</em></strong></span> <span class='ocrx_word' id='word_1_101' title='bbox 739 1594 1152 1680; x_wconf 84' lang='grc' dir='ltr'><strong><em>σκυθρωπὸν</em></strong></span> <span class='ocrx_word' id='word_1_102' title='bbox 1209 1595 1310 1664; x_wconf 89' lang='grc' dir='ltr'><strong><em>έτι</em></strong></span> <span class='ocrx_word' id='word_1_103' title='bbox 1353 1609 1499 1674; x_wconf 87' lang='grc' dir='ltr'><strong><em>τοῖς</em></strong></span> <span class='ocrx_word' id='word_1_104' title='bbox 1542 1599 1826 1675; x_wconf 80' lang='grc' dir='ltr'><strong><em>πολλοῖς</em></strong></span> <span class='ocrx_word' id='word_1_105' title='bbox 1870 1598 2193 1664; x_wconf 84' lang='grc' dir='ltr'><strong><em>δοκοῦντα</em></strong></span> <span class='ocrx_word' id='word_1_106' title='bbox 2236 1599 2347 1663; x_wconf 87' lang='grc' dir='ltr'><strong><em>καὶ</em></strong></span> 
     </span>
     <span class='ocr_line' id='line_1_14' title="bbox 175 1695 2346 1786; baseline -0.001 -20"><span class='ocrx_word' id='word_1_107' title='bbox 175 1695 314 1766; x_wconf 84' lang='grc' dir='ltr'><strong><em>ὖπό</em></strong></span> <span class='ocrx_word' id='word_1_108' title='bbox 366 1702 504 1766; x_wconf 82' lang='grc' dir='ltr'><strong><em>τῶν</em></strong></span> <span class='ocrx_word' id='word_1_109' title='bbox 549 1700 833 1781; x_wconf 86' lang='grc' dir='ltr'><strong><em>συνεχῶν</em></strong></span> <span class='ocrx_word' id='word_1_110' title='bbox 880 1696 1268 1785; x_wconf 77' lang='grc' dir='ltr'><strong><em>ἐρωτήσεων</em></strong></span> <span class='ocrx_word' id='word_1_111' title='bbox 1303 1697 1812 1786; x_wconf 84' lang='grc' dir='ltr'><strong><em>κατεσκληκότα,</em></strong></span> <span class='ocrx_word' id='word_1_112' title='bbox 1858 1702 1970 1767; x_wconf 88' lang='grc' dir='ltr'><strong><em>καὶ</em></strong></span> <span class='ocrx_word' id='word_1_113' title='bbox 2004 1697 2117 1766; x_wconf 85' lang='grc' dir='ltr'><strong><em>διὰ</em></strong></span> <span class='ocrx_word' id='word_1_114' title='bbox 2148 1702 2346 1765; x_wconf 82' lang='grc' dir='ltr'><strong><em>τοῦτο</em></strong></span> 
     </span>
     <span class='ocr_line' id='line_1_15' title="bbox 180 1792 2348 1888; baseline -0 -20"><span class='ocrx_word' id='word_1_115' title='bbox 180 1801 538 1885; x_wconf 85' lang='grc' dir='ltr'><strong><em>αἰδέσιμον</em></strong></span> <span class='ocrx_word' id='word_1_116' title='bbox 590 1800 713 1884; x_wconf 75' lang='grc' dir='ltr'><strong><em>μὲν</em></strong></span> <span class='ocrx_word' id='word_1_117' title='bbox 769 1796 945 1868; x_wconf 79' lang='grc' dir='ltr'><strong><em>εἶναι</em></strong></span> <span class='ocrx_word' id='word_1_118' title='bbox 1003 1799 1356 1880; x_wconf 81' lang='grc' dir='ltr'><strong><em>δοκοῦντα,</em></strong></span> <span class='ocrx_word' id='word_1_119' title='bbox 1423 1792 1500 1865; x_wconf 85' lang='grc' dir='ltr'><strong><em>οὗ</em></strong></span> <span class='ocrx_word' id='word_1_120' title='bbox 1558 1799 1779 1888; x_wconf 80' lang='grc' dir='ltr'><strong><em>πάντη</em></strong></span> <span class='ocrx_word' id='word_1_121' title='bbox 1839 1801 1913 1867; x_wconf 84' lang='grc' dir='ltr'><strong><em>δὲ</em></strong></span> <span class='ocrx_word' id='word_1_122' title='bbox 1968 1796 2133 1888; x_wconf 81' lang='grc' dir='ltr'><strong><em>ἡδὺν</em></strong></span> <span class='ocrx_word' id='word_1_123' title='bbox 2194 1795 2348 1868; x_wconf 79' lang='grc' dir='ltr'><strong><em>οὐδὲ</em></strong></span> 
     </span>
     <span class='ocr_line' id='line_1_16' title="bbox 80 1896 2351 1992; baseline 0.002 -26"><span class='ocrx_word' id='word_1_124' title='bbox 80 1916 326 1983; x_wconf 80' lang='grc' dir='ltr'><strong><em>834τοῖς</em></strong></span> <span class='ocrx_word' id='word_1_125' title='bbox 389 1902 693 1991; x_wconf 75' lang='grc' dir='ltr'><strong><em>πλήθεσι</em></strong></span> <span class='ocrx_word' id='word_1_126' title='bbox 746 1905 1248 1988; x_wconf 84' lang='grc' dir='ltr'><strong><em>κεχαρισμένον,</em></strong></span> <span class='ocrx_word' id='word_1_127' title='bbox 1308 1903 1583 1986; x_wconf 86' lang='grc' dir='ltr'><strong><em>πρῶτον</em></strong></span> <span class='ocrx_word' id='word_1_128' title='bbox 1639 1902 1759 1987; x_wconf 78' lang='grc' dir='ltr'><strong><em>μὲν</em></strong></span> <span class='ocrx_word' id='word_1_129' title='bbox 1815 1896 2019 1971; x_wconf 74' lang='grc' dir='ltr'><strong><em>αὐτὸν</em></strong></span> <span class='ocrx_word' id='word_1_130' title='bbox 2064 1901 2180 1971; x_wconf 76' lang='grc' dir='ltr'><strong><em>ἐπὶ</em></strong></span> <span class='ocrx_word' id='word_1_131' title='bbox 2231 1906 2351 1992; x_wconf 83' lang='grc' dir='ltr'><strong><em>γῆς</em></strong></span> 
     </span>
     <span class='ocr_line' id='line_1_17' title="bbox 174 1997 2347 2093; baseline -0.001 -19"><span class='ocrx_word' id='word_1_132' title='bbox 174 2014 443 2093; x_wconf 85' lang='grc' dir='ltr'><strong><em>βαίνειν</em></strong></span> <span class='ocrx_word' id='word_1_133' title='bbox 489 2005 729 2072; x_wconf 73' lang='grc' dir='ltr'><strong><em>εἴθισα</em></strong></span> <span class='ocrx_word' id='word_1_134' title='bbox 774 2004 841 2084; x_wconf 81' lang='grc' dir='ltr'><strong><em>ἐς</em></strong></span> <span class='ocrx_word' id='word_1_135' title='bbox 883 2002 1002 2071; x_wconf 85' lang='grc' dir='ltr'><strong><em>τὸν</em></strong></span> <span class='ocrx_word' id='word_1_136' title='bbox 1048 1997 1489 2089; x_wconf 81' lang='grc' dir='ltr'><strong><em>ἀνθρώπινον</em></strong></span> <span class='ocrx_word' id='word_1_137' title='bbox 1544 2007 1783 2071; x_wconf 87' lang='grc' dir='ltr'><strong><em>τοῦτον</em></strong></span> <span class='ocrx_word' id='word_1_138' title='bbox 1831 2004 2120 2092; x_wconf 87' lang='grc' dir='ltr'><strong><em>τρόπον,</em></strong></span> <span class='ocrx_word' id='word_1_139' title='bbox 2177 2004 2347 2089; x_wconf 80' lang='grc' dir='ltr'><strong><em>μετὰ</em></strong></span> 
     </span>
     <span class='ocr_line' id='line_1_18' title="bbox 179 2100 2349 2191; baseline -0.001 -16"><span class='ocrx_word' id='word_1_140' title='bbox 179 2110 252 2177; x_wconf 80' lang='grc' dir='ltr'><strong><em>δὲ</em></strong></span> <span class='ocrx_word' id='word_1_141' title='bbox 297 2107 422 2176; x_wconf 81' lang='grc' dir='ltr'><strong><em>τὸν</em></strong></span> <span class='ocrx_word' id='word_1_142' title='bbox 471 2101 719 2191; x_wconf 69' lang='grc' dir='ltr'><strong><em>αὐχμὸν</em></strong></span> <span class='ocrx_word' id='word_1_143' title='bbox 761 2105 881 2174; x_wconf 80' lang='grc' dir='ltr'><strong><em>τὸν</em></strong></span> <span class='ocrx_word' id='word_1_144' title='bbox 931 2105 1148 2173; x_wconf 75' lang='grc' dir='ltr'><strong><em>πολύν</em></strong></span> <span class='ocrx_word' id='word_1_145' title='bbox 1205 2100 1609 2187; x_wconf 73' lang='grc' dir='ltr'><strong><em>ἀποπλύνας</em></strong></span> <span class='ocrx_word' id='word_1_146' title='bbox 1665 2109 1776 2174; x_wconf 86' lang='grc' dir='ltr'><strong><em>καὶ</em></strong></span> <span class='ocrx_word' id='word_1_147' title='bbox 1831 2107 2100 2191; x_wconf 80' lang='grc' dir='ltr'><strong><em>μειδιᾶν</em></strong></span> <span class='ocrx_word' id='word_1_148' title='bbox 2142 2133 2349 2174; x_wconf 88' lang='grc' dir='ltr'><strong><em>κατα-</em></strong></span> 
     </span>
     <span class='ocr_line' id='line_1_19' title="bbox 178 2203 2349 2299; baseline -0.001 -20"><span class='ocrx_word' id='word_1_149' title='bbox 178 2211 520 2299; x_wconf 86' lang='grc' dir='ltr'><strong><em>ναγκάσας</em></strong></span> <span class='ocrx_word' id='word_1_150' title='bbox 563 2205 734 2298; x_wconf 84' lang='grc' dir='ltr'><strong><em>ἡδίω</em></strong></span> <span class='ocrx_word' id='word_1_151' title='bbox 776 2222 922 2288; x_wconf 88' lang='grc' dir='ltr'><strong><em>τοῖς</em></strong></span> <span class='ocrx_word' id='word_1_152' title='bbox 966 2203 1178 2296; x_wconf 81' lang='grc' dir='ltr'><strong><em>ὁρῶσι</em></strong></span> <span class='ocrx_word' id='word_1_153' title='bbox 1222 2209 1714 2295; x_wconf 84' lang='grc' dir='ltr'><strong><em>παρεσκεύασα,</em></strong></span> <span class='ocrx_word' id='word_1_154' title='bbox 1762 2208 1879 2278; x_wconf 84' lang='grc' dir='ltr'><strong><em>ἐπὶ</em></strong></span> <span class='ocrx_word' id='word_1_155' title='bbox 1920 2212 2095 2277; x_wconf 85' lang='grc' dir='ltr'><strong><em>πᾶσι</em></strong></span> <span class='ocrx_word' id='word_1_156' title='bbox 2125 2210 2199 2278; x_wconf 80' lang='grc' dir='ltr'><strong><em>δὲ</em></strong></span> <span class='ocrx_word' id='word_1_157' title='bbox 2228 2208 2349 2298; x_wconf 73' lang='grc' dir='ltr'><strong><em>τὴν</em></strong></span> 
     </span>
     <span class='ocr_line' id='line_1_20' title="bbox 181 2306 2350 2402; baseline -0.002 -20"><span class='ocrx_word' id='word_1_158' title='bbox 181 2315 547 2402; x_wconf 82' lang='grc' dir='ltr'><strong><em>κωμῳδίαν</em></strong></span> <span class='ocrx_word' id='word_1_159' title='bbox 616 2306 800 2399; x_wconf 77' lang='grc' dir='ltr'><strong><em>αύτῷ</em></strong></span> <span class='ocrx_word' id='word_1_160' title='bbox 864 2309 1242 2395; x_wconf 86' lang='grc' dir='ltr'><strong><em>παρέζευξα</em></strong></span> <span class='ocrx_word' id='word_1_161' title='bbox 1305 2315 1418 2379; x_wconf 88' lang='grc' dir='ltr'><strong><em>καὶ</em></strong></span> <span class='ocrx_word' id='word_1_162' title='bbox 1484 2312 1654 2379; x_wconf 80' lang='grc' dir='ltr'><strong><em>κατὰ</em></strong></span> <span class='ocrx_word' id='word_1_163' title='bbox 1708 2316 1910 2381; x_wconf 83' lang='grc' dir='ltr'><strong><em>τοῦτο</em></strong></span> <span class='ocrx_word' id='word_1_164' title='bbox 1965 2312 2223 2401; x_wconf 89' lang='grc' dir='ltr'><strong><em>πολλήν</em></strong></span> <span class='ocrx_word' id='word_1_165' title='bbox 2282 2313 2350 2379; x_wconf 80' lang='grc' dir='ltr'><strong><em>οἱ</em></strong></span> 
     </span>
     <span class='ocr_line' id='line_1_21' title="bbox 179 2408 2351 2506; baseline -0.001 -24"><span class='ocrx_word' id='word_1_166' title='bbox 179 2415 660 2506; x_wconf 79' lang='grc' dir='ltr'><strong><em>μηχανώμενος</em></strong></span> <span class='ocrx_word' id='word_1_167' title='bbox 702 2411 824 2501; x_wconf 87' lang='grc' dir='ltr'><strong><em>τὴν</em></strong></span> <span class='ocrx_word' id='word_1_168' title='bbox 870 2408 1134 2480; x_wconf 66' lang='grc' dir='ltr'><strong><em>εὔνοιαν</em></strong></span> <span class='ocrx_word' id='word_1_169' title='bbox 1179 2412 1368 2500; x_wconf 83' lang='grc' dir='ltr'><strong><em>παρὰ</em></strong></span> <span class='ocrx_word' id='word_1_170' title='bbox 1412 2417 1545 2481; x_wconf 88' lang='grc' dir='ltr'><strong><em>τῶν</em></strong></span> <span class='ocrx_word' id='word_1_171' title='bbox 1602 2408 2008 2492; x_wconf 87' lang='grc' dir='ltr'><strong><em>ἀκουόντων,</em></strong></span> <span class='ocrx_word' id='word_1_172' title='bbox 2072 2419 2140 2482; x_wconf 82' lang='grc' dir='ltr'><strong><em>οἳ</em></strong></span> <span class='ocrx_word' id='word_1_173' title='bbox 2181 2418 2351 2493; x_wconf 88' lang='grc' dir='ltr'><strong><em>τέως</em></strong></span> 
     </span>
     <span class='ocr_line' id='line_1_22' title="bbox 178 2508 2353 2602; baseline -0.002 -16"><span class='ocrx_word' id='word_1_174' title='bbox 178 2518 306 2596; x_wconf 83' lang='grc' dir='ltr'><strong><em>τὰς</em></strong></span> <span class='ocrx_word' id='word_1_175' title='bbox 353 2512 662 2596; x_wconf 75' lang='grc' dir='ltr'><strong><em>ἀκάνθας</em></strong></span> <span class='ocrx_word' id='word_1_176' title='bbox 705 2515 829 2593; x_wconf 81' lang='grc' dir='ltr'><strong><em>τὰς</em></strong></span> <span class='ocrx_word' id='word_1_177' title='bbox 872 2515 941 2582; x_wconf 84' lang='grc' dir='ltr'><strong><em>ἐν</em></strong></span> <span class='ocrx_word' id='word_1_178' title='bbox 989 2508 1173 2601; x_wconf 73' lang='grc' dir='ltr'><strong><em>αὐτῷ</em></strong></span> <span class='ocrx_word' id='word_1_179' title='bbox 1230 2516 1528 2595; x_wconf 86' lang='grc' dir='ltr'><strong><em>δεδιότες</em></strong></span> <span class='ocrx_word' id='word_1_180' title='bbox 1584 2509 1816 2602; x_wconf 72' lang='grc' dir='ltr'><strong><em>ὥσπερ</em></strong></span> <span class='ocrx_word' id='word_1_181' title='bbox 1861 2516 1979 2585; x_wconf 81' lang='grc' dir='ltr'><strong><em>τὸν</em></strong></span> <span class='ocrx_word' id='word_1_182' title='bbox 2024 2516 2238 2601; x_wconf 82' lang='grc' dir='ltr'><strong><em>ἐχῖνον</em></strong></span> <span class='ocrx_word' id='word_1_183' title='bbox 2284 2516 2353 2595; x_wconf 82' lang='grc' dir='ltr'><strong><em>ἐς</em></strong></span> 
     </span>
     <span class='ocr_line' id='line_1_23' title="bbox 178 2611 2343 2707; baseline -0.001 -20"><span class='ocrx_word' id='word_1_184' title='bbox 178 2619 306 2700; x_wconf 79' lang='grc' dir='ltr'><strong><em>τὰς</em></strong></span> <span class='ocrx_word' id='word_1_185' title='bbox 369 2634 600 2706; x_wconf 88' lang='grc' dir='ltr'><strong><em>χεῖρας</em></strong></span> <span class='ocrx_word' id='word_1_186' title='bbox 665 2621 893 2704; x_wconf 89' lang='grc' dir='ltr'><strong><em>λαβεῖν</em></strong></span> <span class='ocrx_word' id='word_1_187' title='bbox 961 2611 1163 2685; x_wconf 75' lang='grc' dir='ltr'><strong><em>αὖτὸν</em></strong></span> <span class='ocrx_word' id='word_1_188' title='bbox 1231 2617 1703 2707; x_wconf 75' lang='grc' dir='ltr'><strong><em>ἐφυλάττοντο.</em></strong></span> <span class='ocrx_word' id='word_1_189' title='bbox 1803 2612 1956 2685; x_wconf 74' lang='grc' dir='ltr'><strong><em>ἀλλ’</em></strong></span> <span class='ocrx_word' id='word_1_190' title='bbox 2020 2618 2149 2705; x_wconf 79' lang='grc' dir='ltr'><strong><em>ἐγώ</em></strong></span> <span class='ocrx_word' id='word_1_191' title='bbox 2210 2613 2343 2686; x_wconf 75' lang='grc' dir='ltr'><strong><em>οἷδ’</em></strong></span> 
     </span>
     <span class='ocr_line' id='line_1_24' title="bbox 178 2712 2351 2810; baseline -0.001 -21"><span class='ocrx_word' id='word_1_192' title='bbox 178 2722 360 2810; x_wconf 75' lang='grc' dir='ltr'><strong><em>ὅπερ</em></strong></span> <span class='ocrx_word' id='word_1_193' title='bbox 417 2721 715 2806; x_wconf 87' lang='grc' dir='ltr'><strong><em>μάλιστα</em></strong></span> <span class='ocrx_word' id='word_1_194' title='bbox 782 2722 986 2787; x_wconf 82' lang='grc' dir='ltr'><strong><em>λυπεῖ</em></strong></span> <span class='ocrx_word' id='word_1_195' title='bbox 1043 2712 1279 2802; x_wconf 72' lang='grc' dir='ltr'><strong><em>αὐτόν,</em></strong></span> <span class='ocrx_word' id='word_1_196' title='bbox 1347 2712 1457 2787; x_wconf 72' lang='grc' dir='ltr'><strong><em>ὅτι</em></strong></span> <span class='ocrx_word' id='word_1_197' title='bbox 1511 2721 1602 2808; x_wconf 87' lang='grc' dir='ltr'><strong><em>μὴ</em></strong></span> <span class='ocrx_word' id='word_1_198' title='bbox 1658 2719 1745 2787; x_wconf 83' lang='grc' dir='ltr'><strong><em>τὰ</em></strong></span> <span class='ocrx_word' id='word_1_199' title='bbox 1799 2722 2080 2806; x_wconf 80' lang='grc' dir='ltr'><strong><em>γλίσχρα</em></strong></span> <span class='ocrx_word' id='word_1_200' title='bbox 2135 2721 2351 2787; x_wconf 81' lang='grc' dir='ltr'><strong><em>ἐκεῖνα</em></strong></span> 
     </span>
     <span class='ocr_line' id='line_1_25' title="bbox 181 2816 2352 2911; baseline -0.002 -18"><span class='ocrx_word' id='word_1_201' title='bbox 181 2828 295 2893; x_wconf 88' lang='grc' dir='ltr'><strong><em>καὶ</em></strong></span> <span class='ocrx_word' id='word_1_202' title='bbox 369 2823 584 2891; x_wconf 82' lang='grc' dir='ltr'><strong><em>λεπτὰ</em></strong></span> <span class='ocrx_word' id='word_1_203' title='bbox 649 2823 960 2911; x_wconf 82' lang='grc' dir='ltr'><strong><em>κάθημαι</em></strong></span> <span class='ocrx_word' id='word_1_204' title='bbox 1023 2821 1200 2909; x_wconf 85' lang='grc' dir='ltr'><strong><em>πρὸς</em></strong></span> <span class='ocrx_word' id='word_1_205' title='bbox 1272 2816 1477 2889; x_wconf 72' lang='grc' dir='ltr'><strong><em>αὐτὸν</em></strong></span> <span class='ocrx_word' id='word_1_206' title='bbox 1546 2821 2215 2908; x_wconf 79' lang='grc' dir='ltr'><strong><em>σμικρολογούμενος,</em></strong></span> <span class='ocrx_word' id='word_1_207' title='bbox 2289 2821 2352 2888; x_wconf 90' lang='grc' dir='ltr'><strong><em>εἰ</em></strong></span> 
     </span>
     <span class='ocr_line' id='line_1_26' title="bbox 183 2919 2353 3011; baseline -0.001 -18"><span class='ocrx_word' id='word_1_208' title='bbox 183 2921 542 3004; x_wconf 90' lang='grc' dir='ltr'><strong><em>ἀθάνατος</em></strong></span> <span class='ocrx_word' id='word_1_209' title='bbox 583 2921 622 3011; x_wconf 84' lang='grc' dir='ltr'>ἥ</span> <span class='ocrx_word' id='word_1_210' title='bbox 670 2923 850 3011; x_wconf 84' lang='grc' dir='ltr'><strong><em>ψυχὴ</em></strong></span> <span class='ocrx_word' id='word_1_211' title='bbox 896 2928 1008 2992; x_wconf 85' lang='grc' dir='ltr'><strong><em>καὶ</em></strong></span> <span class='ocrx_word' id='word_1_212' title='bbox 1054 2925 1279 3004; x_wconf 88' lang='grc' dir='ltr'><strong><em>πόσας</em></strong></span> <span class='ocrx_word' id='word_1_213' title='bbox 1321 2923 1605 3002; x_wconf 88' lang='grc' dir='ltr'><strong><em>κοτύλας</em></strong></span> <span class='ocrx_word' id='word_1_214' title='bbox 1649 2919 1684 2990; x_wconf 85' lang='lat' dir='ltr'><strong><em>o‘</em></strong></span> <span class='ocrx_word' id='word_1_215' title='bbox 1731 2922 1899 3002; x_wconf 91' lang='grc' dir='ltr'><strong><em>θεός</em></strong></span> <span class='ocrx_word' id='word_1_216' title='bbox 1911 2948 1932 3006; x_wconf 93' lang='grc'><strong><em>,·</em></strong></span> <span class='ocrx_word' id='word_1_217' title='bbox 1979 2919 2192 2991; x_wconf 79' lang='grc' dir='ltr'><strong><em>ὁπότε</em></strong></span> <span class='ocrx_word' id='word_1_218' title='bbox 2234 2923 2353 2991; x_wconf 85' lang='grc' dir='ltr'><strong><em>τὸν</em></strong></span> 
     </span>
     <span class='ocr_line' id='line_1_27' title="bbox 181 3019 2353 3114; baseline -0.002 -17"><span class='ocrx_word' id='word_1_219' title='bbox 181 3029 439 3113; x_wconf 91' lang='grc' dir='ltr'><strong><em>κόσμον</em></strong></span> <span class='ocrx_word' id='word_1_220' title='bbox 482 3026 1010 3109; x_wconf 87' lang='grc' dir='ltr'><strong><em>κατεσκευάζετο,</em></strong></span> <span class='ocrx_word' id='word_1_221' title='bbox 1055 3031 1174 3114; x_wconf 86' lang='grc' dir='ltr'><strong><em>τῆς</em></strong></span> <span class='ocrx_word' id='word_1_222' title='bbox 1220 3022 1501 3114; x_wconf 80' lang='grc' dir='ltr'><strong><em>ἀμιγοῦς</em></strong></span> <span class='ocrx_word' id='word_1_223' title='bbox 1543 3029 1657 3094; x_wconf 88' lang='grc' dir='ltr'><strong><em>καὶ</em></strong></span> <span class='ocrx_word' id='word_1_224' title='bbox 1700 3025 1872 3093; x_wconf 80' lang='grc' dir='ltr'><strong><em>κατὰ</em></strong></span> <span class='ocrx_word' id='word_1_225' title='bbox 1916 3019 2129 3093; x_wconf 75' lang='grc' dir='ltr'><strong><em>ταύτὰ</em></strong></span> <span class='ocrx_word' id='word_1_226' title='bbox 2167 3025 2353 3108; x_wconf 83' lang='grc' dir='ltr'><strong><em>ἐχού-</em></strong></span> 
     </span>
     <span class='ocr_line' id='line_1_28' title="bbox 188 3122 2353 3220; baseline -0.001 -22"><span class='ocrx_word' id='word_1_227' title='bbox 188 3154 313 3220; x_wconf 89' lang='grc' dir='ltr'><strong><em>σης</em></strong></span> <span class='ocrx_word' id='word_1_228' title='bbox 361 3123 598 3208; x_wconf 79' lang='grc' dir='ltr'><strong><em>οὖσίας</em></strong></span> <span class='ocrx_word' id='word_1_229' title='bbox 642 3128 888 3212; x_wconf 87' lang='grc' dir='ltr'><strong><em>ἐνέχεεν</em></strong></span> <span class='ocrx_word' id='word_1_230' title='bbox 934 3128 1003 3206; x_wconf 85' lang='grc' dir='ltr'><strong><em>ἐς</em></strong></span> <span class='ocrx_word' id='word_1_231' title='bbox 1041 3127 1162 3197; x_wconf 83' lang='grc' dir='ltr'><strong><em>τὸν</em></strong></span> <span class='ocrx_word' id='word_1_232' title='bbox 1212 3133 1538 3218; x_wconf 86' lang='grc' dir='ltr'><strong><em>κρατῆρα,</em></strong></span> <span class='ocrx_word' id='word_1_233' title='bbox 1598 3127 1667 3196; x_wconf 84' lang='grc' dir='ltr'><strong><em>ἐν</em></strong></span> <span class='ocrx_word' id='word_1_234' title='bbox 1711 3122 1769 3215; x_wconf 75' lang='grc' dir='ltr'><em>ᾦ</em></span> <span class='ocrx_word' id='word_1_235' title='bbox 1809 3126 1895 3194; x_wconf 79' lang='grc' dir='ltr'><strong><em>τὰ</em></strong></span> <span class='ocrx_word' id='word_1_236' title='bbox 1941 3128 2169 3196; x_wconf 87' lang='grc' dir='ltr'><strong><em>πάντα</em></strong></span> <span class='ocrx_word' id='word_1_237' title='bbox 2215 3127 2353 3196; x_wconf 75' lang='grc' dir='ltr'><strong><em>ἐκε-</em></strong></span> 
     </span>
     <span class='ocr_line' id='line_1_29' title="bbox 183 3226 2353 3320; baseline 0 -22"><span class='ocrx_word' id='word_1_238' title='bbox 183 3232 504 3317; x_wconf 88' lang='grc' dir='ltr'><strong><em>ράννυτο,</em></strong></span> <span class='ocrx_word' id='word_1_239' title='bbox 570 3234 684 3298; x_wconf 89' lang='grc' dir='ltr'><strong><em>καὶ</em></strong></span> <span class='ocrx_word' id='word_1_240' title='bbox 743 3231 803 3297; x_wconf 91' lang='grc' dir='ltr'><strong><em>εἰ</em></strong></span> <span class='ocrx_word' id='word_1_241' title='bbox 858 3226 899 3320; x_wconf 83' lang='grc' dir='ltr'>ἡ</span> <span class='ocrx_word' id='word_1_242' title='bbox 951 3226 1287 3319; x_wconf 83' lang='grc' dir='ltr'><strong><em>Ῥητορικὴ</em></strong></span> <span class='ocrx_word' id='word_1_243' title='bbox 1344 3233 1700 3320; x_wconf 85' lang='grc' dir='ltr'><strong><em>πολιτικῆς</em></strong></span> <span class='ocrx_word' id='word_1_244' title='bbox 1753 3233 1997 3316; x_wconf 83' lang='grc' dir='ltr'><strong><em>μορίου</em></strong></span> <span class='ocrx_word' id='word_1_245' title='bbox 2054 3231 2353 3312; x_wconf 76' lang='grc' dir='ltr'><strong><em>εἴδωλον,</em></strong></span> 
     </span>
     <span class='ocr_line' id='line_1_30' title="bbox 182 3326 2355 3419; baseline -0 -19"><span class='ocrx_word' id='word_1_246' title='bbox 182 3336 541 3411; x_wconf 88' lang='grc' dir='ltr'><strong><em>κολακείας</em></strong></span> <span class='ocrx_word' id='word_1_247' title='bbox 582 3330 660 3401; x_wconf 81' lang='grc' dir='ltr'><strong><em>τὸ</em></strong></span> <span class='ocrx_word' id='word_1_248' title='bbox 708 3338 1048 3417; x_wconf 88' lang='grc' dir='ltr'><strong><em>τέταρτον.</em></strong></span> <span class='ocrx_word' id='word_1_249' title='bbox 1114 3339 1340 3419; x_wconf 88' lang='grc' dir='ltr'><strong><em>χαίρει</em></strong></span> <span class='ocrx_word' id='word_1_250' title='bbox 1381 3333 1508 3419; x_wconf 80' lang='grc' dir='ltr'><strong><em>γὰρ</em></strong></span> <span class='ocrx_word' id='word_1_251' title='bbox 1554 3328 1672 3400; x_wconf 79' lang='grc' dir='ltr'><strong><em>ούκ</em></strong></span> <span class='ocrx_word' id='word_1_252' title='bbox 1703 3327 1836 3400; x_wconf 76' lang='grc' dir='ltr'><strong><em>οἶδ’</em></strong></span> <span class='ocrx_word' id='word_1_253' title='bbox 1876 3326 2067 3410; x_wconf 70' lang='grc' dir='ltr'><strong><em>ὅπως</em></strong></span> <span class='ocrx_word' id='word_1_254' title='bbox 2095 3331 2180 3398; x_wconf 83' lang='grc' dir='ltr'><strong><em>τὰ</em></strong></span> <span class='ocrx_word' id='word_1_255' title='bbox 2210 3358 2355 3399; x_wconf 89' lang='grc' dir='ltr'><strong><em>τοι-</em></strong></span> 
     </span>
     <span class='ocr_line' id='line_1_31' title="bbox 89 3430 2356 3524; baseline -0 -23"><span class='ocrx_word' id='word_1_256' title='bbox 89 3438 367 3502; x_wconf 77' lang='grc' dir='ltr'><strong><em>835αὗτα</em></strong></span> <span class='ocrx_word' id='word_1_257' title='bbox 412 3435 839 3521; x_wconf 78' lang='grc' dir='ltr'><strong><em>λεπτολογῶν</em></strong></span> <span class='ocrx_word' id='word_1_258' title='bbox 895 3433 1216 3519; x_wconf 89' lang='grc' dir='ltr'><strong><em>καθάπερ</em></strong></span> <span class='ocrx_word' id='word_1_259' title='bbox 1263 3435 1330 3501; x_wconf 81' lang='grc' dir='ltr'><strong><em>οἱ</em></strong></span> <span class='ocrx_word' id='word_1_260' title='bbox 1372 3434 1495 3522; x_wconf 86' lang='grc' dir='ltr'><strong><em>τὴν</em></strong></span> <span class='ocrx_word' id='word_1_261' title='bbox 1552 3435 1796 3521; x_wconf 82' lang='grc' dir='ltr'><strong><em>ψώραν</em></strong></span> <span class='ocrx_word' id='word_1_262' title='bbox 1847 3430 2059 3524; x_wconf 79' lang='grc' dir='ltr'><strong><em>ἡδέως</em></strong></span> <span class='ocrx_word' id='word_1_263' title='bbox 2101 3432 2356 3516; x_wconf 81' lang='grc' dir='ltr'><strong><em>κνώμε-</em></strong></span> 
     </span>
     <span class='ocr_line' id='line_1_32' title="bbox 188 3529 2353 3624; baseline -0.001 -20"><span class='ocrx_word' id='word_1_264' title='bbox 188 3562 316 3619; x_wconf 92' lang='grc' dir='ltr'><strong><em>νοι,</em></strong></span> <span class='ocrx_word' id='word_1_265' title='bbox 364 3541 477 3604; x_wconf 88' lang='grc' dir='ltr'><strong><em>καὶ</em></strong></span> <span class='ocrx_word' id='word_1_266' title='bbox 520 3535 597 3603; x_wconf 84' lang='grc' dir='ltr'><strong><em>τὸ</em></strong></span> <span class='ocrx_word' id='word_1_267' title='bbox 650 3536 1034 3624; x_wconf 86' lang='grc' dir='ltr'><strong><em>φρόντισμα</em></strong></span> <span class='ocrx_word' id='word_1_268' title='bbox 1078 3532 1201 3624; x_wconf 77' lang='grc' dir='ltr'><strong><em>ἡδὺ</em></strong></span> <span class='ocrx_word' id='word_1_269' title='bbox 1250 3529 1434 3622; x_wconf 74' lang='grc' dir='ltr'><strong><em>αὐτῷ</em></strong></span> <span class='ocrx_word' id='word_1_270' title='bbox 1480 3537 1660 3604; x_wconf 89' lang='grc' dir='ltr'><strong><em>δοκεῖ</em></strong></span> <span class='ocrx_word' id='word_1_271' title='bbox 1701 3539 1814 3602; x_wconf 88' lang='grc' dir='ltr'><strong><em>καὶ</em></strong></span> <span class='ocrx_word' id='word_1_272' title='bbox 1866 3540 2037 3622; x_wconf 91' lang='grc' dir='ltr'><strong><em>μέγα</em></strong></span> <span class='ocrx_word' id='word_1_273' title='bbox 2099 3549 2353 3620; x_wconf 86' lang='grc' dir='ltr'><strong><em>φρονεῖ,</em></strong></span> 
     </span>
     <span class='ocr_line' id='line_1_33' title="bbox 185 3628 2356 3727; baseline -0 -22"><span class='ocrx_word' id='word_1_274' title='bbox 185 3628 268 3725; x_wconf 82' lang='grc' dir='ltr'><strong><em>ἢν</em></strong></span> <span class='ocrx_word' id='word_1_275' title='bbox 315 3639 588 3727; x_wconf 88' lang='grc' dir='ltr'><strong><em>λέγηται</em></strong></span> <span class='ocrx_word' id='word_1_276' title='bbox 643 3634 738 3717; x_wconf 86' lang='grc' dir='ltr'><strong><em>ῶς</em></strong></span> <span class='ocrx_word' id='word_1_277' title='bbox 795 3632 873 3705; x_wconf 82' lang='grc' dir='ltr'><strong><em>ού</em></strong></span> <span class='ocrx_word' id='word_1_278' title='bbox 931 3637 1189 3715; x_wconf 81' lang='grc' dir='ltr'><strong><em>παντὸς</em></strong></span> <span class='ocrx_word' id='word_1_279' title='bbox 1243 3630 1486 3723; x_wconf 86' lang='grc' dir='ltr'><strong><em>ἀνδρός</em></strong></span> <span class='ocrx_word' id='word_1_280' title='bbox 1546 3637 1691 3705; x_wconf 84' lang='grc' dir='ltr'><strong><em>ἐστι</em></strong></span> <span class='ocrx_word' id='word_1_281' title='bbox 1750 3638 2041 3705; x_wconf 91' lang='grc' dir='ltr'><strong><em>συνιδεῖν</em></strong></span> <span class='ocrx_word' id='word_1_282' title='bbox 2100 3634 2142 3701; x_wconf 82' lang='grc' dir='ltr'><em>ἃ</em></span> <span class='ocrx_word' id='word_1_283' title='bbox 2197 3639 2356 3723; x_wconf 88' lang='grc' dir='ltr'><strong><em>περὶ</em></strong></span> 
     </span>
     <span class='ocr_line' id='line_1_34' title="bbox 187 3731 2357 3830; baseline 0 -23"><span class='ocrx_word' id='word_1_284' title='bbox 187 3743 323 3807; x_wconf 88' lang='grc' dir='ltr'><strong><em>τῶν</em></strong></span> <span class='ocrx_word' id='word_1_285' title='bbox 368 3739 568 3808; x_wconf 88' lang='grc' dir='ltr'><strong><em>ἰδεῶν</em></strong></span> <span class='ocrx_word' id='word_1_286' title='bbox 614 3734 977 3827; x_wconf 81' lang='grc' dir='ltr'><strong><em>ὀξυδορκεῖ.</em></strong></span> <span class='ocrx_word' id='word_1_287' title='bbox 1052 3743 1265 3805; x_wconf 83' lang='grc' dir='ltr'><strong><em>ταῦτα</em></strong></span> <span class='ocrx_word' id='word_1_288' title='bbox 1309 3739 1559 3830; x_wconf 87' lang='grc' dir='ltr'><strong><em>δηλαδὴ</em></strong></span> <span class='ocrx_word' id='word_1_289' title='bbox 1601 3743 1714 3807; x_wconf 86' lang='grc' dir='ltr'><strong><em>καὶ</em></strong></span> <span class='ocrx_word' id='word_1_290' title='bbox 1745 3731 1911 3823; x_wconf 79' lang='grc' dir='ltr'><strong><em>παρ’</em></strong></span> <span class='ocrx_word' id='word_1_291' title='bbox 1950 3738 2113 3823; x_wconf 81' lang='grc' dir='ltr'><strong><em>ἐμοῦ</em></strong></span> <span class='ocrx_word' id='word_1_292' title='bbox 2145 3732 2357 3807; x_wconf 89' lang='grc' dir='ltr'><strong><em>ἀπαι-</em></strong></span> 
     </span>
     <span class='ocr_line' id='line_1_35' title="bbox 189 3836 2358 3929; baseline 0 -21"><span class='ocrx_word' id='word_1_293' title='bbox 189 3855 296 3909; x_wconf 91' lang='grc' dir='ltr'><strong><em>τεῖ</em></strong></span> <span class='ocrx_word' id='word_1_294' title='bbox 334 3844 448 3908; x_wconf 86' lang='grc' dir='ltr'><strong><em>καὶ</em></strong></span> <span class='ocrx_word' id='word_1_295' title='bbox 491 3840 576 3908; x_wconf 82' lang='grc' dir='ltr'><strong><em>τὰ</em></strong></span> <span class='ocrx_word' id='word_1_296' title='bbox 622 3840 841 3929; x_wconf 83' lang='grc' dir='ltr'><strong><em>πτερὰ</em></strong></span> <span class='ocrx_word' id='word_1_297' title='bbox 886 3842 1103 3910; x_wconf 84' lang='grc' dir='ltr'><strong><em>ἐκεῖνα</em></strong></span> <span class='ocrx_word' id='word_1_298' title='bbox 1135 3839 1315 3929; x_wconf 80' lang='grc' dir='ltr'><strong><em>ζητεῖ</em></strong></span> <span class='ocrx_word' id='word_1_299' title='bbox 1340 3844 1452 3907; x_wconf 81' lang='grc' dir='ltr'><strong><em>καὶ</em></strong></span> <span class='ocrx_word' id='word_1_300' title='bbox 1487 3836 1625 3908; x_wconf 76' lang='grc' dir='ltr'><strong><em>ἄνω</em></strong></span> <span class='ocrx_word' id='word_1_301' title='bbox 1653 3843 1895 3927; x_wconf 87' lang='grc' dir='ltr'><strong><em>βλέπει</em></strong></span> <span class='ocrx_word' id='word_1_302' title='bbox 1923 3841 2008 3907; x_wconf 77' lang='grc' dir='ltr'><strong><em>τὰ</em></strong></span> <span class='ocrx_word' id='word_1_303' title='bbox 2042 3843 2177 3928; x_wconf 88' lang='grc' dir='ltr'><strong><em>πρὸ</em></strong></span> <span class='ocrx_word' id='word_1_304' title='bbox 2210 3855 2358 3909; x_wconf 86' lang='grc' dir='ltr'><strong><em>τοῖν</em></strong></span> 
     </span>
     <span class='ocr_line' id='line_1_36' title="bbox 190 3932 2359 4030; baseline 0 -21"><span class='ocrx_word' id='word_1_305' title='bbox 190 3943 439 4011; x_wconf 88' lang='grc' dir='ltr'><strong><em>ποδοῖν</em></strong></span> <span class='ocrx_word' id='word_1_306' title='bbox 485 3937 601 4026; x_wconf 77' lang='grc' dir='ltr'><strong><em>οὐχ</em></strong></span> <span class='ocrx_word' id='word_1_307' title='bbox 647 3940 844 4030; x_wconf 81' lang='grc' dir='ltr'><strong><em>ὁρῶν.</em></strong></span> <span class='ocrx_word' id='word_1_308' title='bbox 908 3943 1058 4011; x_wconf 86' lang='grc' dir='ltr'><strong><em>ἐπεὶ</em></strong></span> <span class='ocrx_word' id='word_1_309' title='bbox 1103 3946 1238 4009; x_wconf 90' lang='grc' dir='ltr'><strong><em>τῶν</em></strong></span> <span class='ocrx_word' id='word_1_310' title='bbox 1282 3967 1357 4028; x_wconf 89' lang='grc' dir='ltr'><strong><em>γε</em></strong></span> <span class='ocrx_word' id='word_1_311' title='bbox 1402 3937 1625 4010; x_wconf 68' lang='grc' dir='ltr'><strong><em>ἄλλων</em></strong></span> <span class='ocrx_word' id='word_1_312' title='bbox 1671 3943 1858 4011; x_wconf 75' lang='grc' dir='ltr'><strong><em>ἕνεκα</em></strong></span> <span class='ocrx_word' id='word_1_313' title='bbox 1903 3937 2021 4009; x_wconf 81' lang='grc' dir='ltr'><strong><em>οὐκ</em></strong></span> <span class='ocrx_word' id='word_1_314' title='bbox 2052 3932 2133 4010; x_wconf 72' lang='grc' dir='ltr'><strong><em>ἀν</em></strong></span> <span class='ocrx_word' id='word_1_315' title='bbox 2165 3938 2359 4027; x_wconf 85' lang='grc' dir='ltr'><strong><em>οἶμαι</em></strong></span> 
     </span>
     <span class='ocr_line' id='line_1_37' title="bbox 190 4041 2358 4132; baseline 0 -21"><span class='ocrx_word' id='word_1_316' title='bbox 190 4045 540 4131; x_wconf 84' lang='grc' dir='ltr'><strong><em>μέμψαιτό</em></strong></span> <span class='ocrx_word' id='word_1_317' title='bbox 586 4072 739 4130; x_wconf 95' lang='grc' dir='ltr'><strong><em>μοι,</em></strong></span> <span class='ocrx_word' id='word_1_318' title='bbox 795 4042 884 4125; x_wconf 80' lang='grc' dir='ltr'><strong><em>ὥς</em></strong></span> <span class='ocrx_word' id='word_1_319' title='bbox 937 4045 1308 4129; x_wconf 87' lang='grc' dir='ltr'><strong><em>θοιμάτιον</em></strong></span> <span class='ocrx_word' id='word_1_320' title='bbox 1364 4049 1562 4113; x_wconf 80' lang='grc' dir='ltr'><strong><em>τοῦτο</em></strong></span> <span class='ocrx_word' id='word_1_321' title='bbox 1617 4044 1692 4112; x_wconf 84' lang='grc' dir='ltr'><strong><em>τὸ</em></strong></span> <span class='ocrx_word' id='word_1_322' title='bbox 1732 4041 2105 4132; x_wconf 83' lang='grc' dir='ltr'><strong><em>Ἑλληνικὸν</em></strong></span> <span class='ocrx_word' id='word_1_323' title='bbox 2161 4067 2358 4129; x_wconf 91' lang='grc' dir='ltr'><strong><em>περι-</em></strong></span> 
     </span>
    </p>
   </div>
  </div>
 </body>
</html>
