2867 4525
411 269 531 328 100
1309 267 1683 321 ΛΟΥΚΙΑΝΟΥ

299 445 376 501 2⁹
582 444 685 508 29.
731 439 875 506 Ἐπὶ
918 437 1184 515 τούτοις
1220 431 1256 504 5
1288 435 1768 522 Πυθαγορικὸς
1788 430 2188 524 Ἀρίγνωτος
2232 437 2564 527 εἰσῆλθεν,

403 538 438 609 5
485 540 795 631 κομήτης,
841 535 876 607 5
927 537 1167 623 σεμνὸς
1214 531 1352 606 ἀπὸ
1398 542 1520 606 τοῦ
1556 537 1951 626 προσώπου,
1998 535 2211 606 οἶσθα
2253 538 2373 606 τὸν
2418 532 2567 606 ἀοί-

408 645 603 729 διμον
647 642 763 709 ἐπὶ
804 644 889 731 τῇ
920 647 1154 728 σοφίᾳ,
1200 639 1319 708 τὸν
1351 640 1532 728 ἱερὸν
1564 638 2163 725 ἐπονομαζόμενον.
2238 635 2417 727 κάγώ
2446 642 2566 725 μὲν

403 741 496 824 ὥς
526 742 707 812 εἶδον
738 737 959 825 αὐτόν,
994 739 1388 823 ἀνέπνευσα,
1433 735 1617 809 τοῦτ’
1656 740 1865 810 ἐκεῖνο
1904 742 2084 829 ἥκειν
2127 769 2246 828 μοι
2286 749 2568 827 νομίσας

404 845 683 913 πέλεκύν
712 871 864 913 τινα
893 843 1062 912 κατὰ
1092 846 1222 911 τῶν
1252 843 1697 931 ψευσμάτων·
1735 844 2120 930 ἐπιστομιεῖ
2147 844 2274 932 γὰρ
2308 839 2565 927 αὐτούς,

405 947 657 1033 ἔλεγον,
717 943 752 1015 5
800 945 1016 1035 σοφὸς
1075 939 1239 1034 ἀνὴρ
1286 939 1462 1013 οῧτω
1503 945 1824 1033 τεράστια
1869 945 2271 1030 διεξιόντας,
2329 950 2442 1014 καὶ
2485 946 2561 1013 τὸ

403 1054 522 1118 τοῦ
554 1046 769 1137 λόγου,
815 1048 984 1117 θεὸν
1017 1042 1155 1115 ἀπὸ
1188 1052 1482 1136 μηχανῆς
1529 1046 2136 1136 ἐπεισκυκληθῆναί
2161 1074 2283 1134 μοι
2326 1051 2559 1117 τοῦτον
2584 1065 2646 1114 56

404 1148 590 1242 ᾤμην
632 1149 768 1219 ὗπὸ
816 1154 935 1237 τῆς
985 1146 1216 1237 Τύχης.
1305 1145 1340 1215 5
1389 1150 1462 1217 δὲ
1508 1148 1663 1217 ἐπεὶ
1715 1149 2067 1231 ἐκαθέζετο
2113 1147 2567 1228 ὖπεκστάντος

407 1251 587 1342 αὐτῷ
630 1259 750 1322 τοῦ
798 1252 1215 1342 Κλεοδήμου,
1273 1255 1516 1339 πρῶτα
1557 1252 1679 1337 μὲν
1733 1255 1893 1338 περὶ
1938 1256 2058 1341 τῆς
2103 1252 2305 1319 νόσου
2348 1245 2563 1341 ἤρετο,

403 1361 514 1424 καὶ
561 1353 655 1435 ὥς
698 1358 862 1444 ῥᾷον
918 1354 1039 1443 ἤδη
1098 1353 1268 1438 ἔχειν
1311 1349 1552 1442 ἤκουσε
1602 1353 1791 1439 παρὰ
1843 1359 1963 1421 τοῦ
2006 1353 2418 1441 Εὐκράτους,
2483 1362 2567 1421 Τι’

406 1460 506 1542 δέ,
568 1460 733 1547 ἔφη,
792 1457 969 1542 πρὸς
1028 1454 1268 1535 αὐτοὺς
1314 1454 1824 1544 ἐφιλοσοφεῖτε,·
1878 1455 2125 1542 μεταξὺ
2169 1455 2294 1543 γὰρ
2341 1453 2567 1523 εἰσιὼν

405 1560 775 1649 ἐπήκουσα,
838 1566 954 1627 καί
1016 1584 1137 1644 μοι
1194 1557 1484 1626 ἐδοκεῖτε
1553 1556 1619 1637 ἐς
1686 1557 1888 1626 καλὸν
1946 1559 2396 1626 διατίθεσθαι
2445 1555 2566 1645 τήν

407 1663 773 1752 διατριβήν.
854 1668 940 1729 Τί
986 1657 1048 1727 5’
1102 1655 1284 1741 ἀλλο,
1334 1657 1523 1727 εἶπεν
1567 1656 1603 1727 5
1651 1654 2009 1749 Εὐκράτης,
2053 1650 2096 1750 ἢ
2140 1661 2406 1727 τουτονὶ
2448 1659 2566 1727 τὸν

406 1759 854 1849 ἀδαμάντινον
885 1768 1221 1848 πείθομεν
1251 1802 1337 1812 -
1366 1761 1590 1840 δείξας
1622 1762 1737 1844 ἐμέ
1763 1800 1849 1810 -
1877 1758 2197 1851 ἡγεῖσθαι
2240 1760 2566 1845 δαίμονάς

403 1891 593 1945 τινας
638 1863 813 1933 εἶναι
852 1868 966 1933 καὶ
997 1862 1448 1953 φαντάσματα
1476 1866 1587 1930 καὶ
1627 1868 1872 1949 νεκρῶν
1915 1862 2136 1951 ψυχὰς
2165 1864 2564 1949 περιπολεῖν

405 1965 577 2052 ὑπὲρ
620 1972 737 2057 γῆς
791 1970 903 2033 καὶ
958 1971 1334 2054 φαίνεσθαι
1379 1956 1571 2044 οἶς
1527 1994 1608 2033 αν
1667 1965 2019 2033 ἐθέλωσιν.
2110 1964 2234 2052 ἐγώ
2280 1965 2401 2051 μὲν
2446 1951 2563 2032 οὐν

403 2065 792 2194 ηρυθρίασα
843 2072 955 2137 καὶ
1018 2070 1200 2135 κάτω
1256 2069 1492 2137 ε’νευσα
1557 2066 1909 2146 αἰδεσθεὶς
1971 2065 2090 2134 τὸν
2138 2061 2560 2155 Ἀρίγνωτον.

403 2168 437 2239 5
490 2173 594 2258 δέ,
637 2170 834 2258 ‘'‚Opa
882 2170 1041 2259 ἔφη,
1089 2197 1140 2236 ω
1189 2165 1549 2256 Ευκρατες,
1607 2168 1696 2256 μὴ
1742 2170 1941 2238 τοῦτό
1991 2193 2160 2258 φησι
2212 2170 2559 2258 Τυχιάδης,

403 2274 525 2353 τὰς
566 2278 703 2341 τῶν
753 2279 998 2358 βιαίως
1055 2267 1551 2340 ἀποθανόντων
1595 2272 1807 2357 μόνας
1859 2271 2081 2358 ψυχὰς
2122 2287 2561 2358 περινοστεῖν,

405 2375 550 2442 οἷον
596 2374 663 2442 εἴ
699 2397 805 2451 τις
848 2366 1282 2461 ἀπήγξατο
1240 2403 1279 2463 η
1313 2372 1679 2465 ἀπετμήθη
1711 2374 1831 2462 τὴν
1873 2365 2250 2463 κεφαλὴν
2209 2403 2248 2461 η
2294 2375 2558 2444 ἀνεσκο-

406 2479 710 2564 λοπίσθη
765 2469 807 2564 ἢ
854 2472 1050 2595 52,stun
1087 2482 1162 2563 γέ
1203 2504 1300 2565 τῳ
1344 2471 1579 2564 τρόπῳ
1637 2477 1922 2564 τοιούτῳ
1977 2471 2288 2563 ἀπῆλθεν
2334 2476 2404 2544 ἐκ
2446 2480 2564 2544 τοῦ

399 2582 587 2664 βίου,
643 2577 767 2657 τὰς
826 2579 897 2647 δὲ
952 2582 1086 2646 τῶν
1128 2579 1298 2646 κατὰ
1341 2593 1585 2664 μοῖραν
1633 2572 2130 2647 ἀποθανόντων
2174 2574 2421 2646 οὐκέτι·
2419 2569 2562 2676 ι,ἢν

400 2680 525 2766 γάρ
570 2684 768 2748 τοῦτο
816 2682 989 2769 λέγη,
1038 2675 1113 2748 οὐ
1147 2681 1326 2749 πάνυ
1358 2674 1718 2770 ἀπόβλητα
1749 2680 1971 2769 φήσει.
2045 2679 2175 2747 Μὰ
2218 2675 2361 2763 Δί’,
2406 2666 2444 2768 ἦ
2496 2675 2555 2747 5²

401 2783 478 2862 ὃς
524 2780 557 2851 5
606 2783 1044 2872 Δεινόμαχος,
1092 2777 1238 2851 ἀλλ’
1303 2777 1458 2850 οὐδὲ
1503 2776 1678 2861 όλως
1723 2779 1899 2850 εἶναι
1953 2780 2039 2848 τὰ
2081 2790 2364 2849 τοιαῦτα
2408 2777 2564 2851 οὐδὲ

297 2888 373 2945 80
407 2890 788 2953 συνεστῶτα
817 2881 1118 2973 δρᾶσθαι
1165 2885 1382 2954 οἴεται
1428 2893 1529 2955 30.
1560 2889 1725 2962 Πῶς
1762 2887 1991 2970 λέγεις,
2036 2869 2079 2973 ἦ
2110 2880 2174 2950 5'
2212 2883 2289 2963 ὃς
2317 2880 2353 2952 5
2377 2879 2565 2969 Ἀρί-

399 3011 670 3072 γνωτος,
717 2986 916 3073 δριμὺ
950 2982 1218 3054 ἀπιδών
1250 2986 1346 3064 εἰς
1378 2986 1512 3070 ἐμέ,
1560 2981 1753 3053 οὐδέν
1786 3009 1897 3053 σοι
1926 2985 2178 3053 τούτων
2208 2992 2564 3072 γίγνεσθαι

403 3088 600 3163 δοκεῖ,
644 3091 756 3154 καὶ
800 3090 1012 3153 ταῦτα
1055 3086 1350 3168 πάντων,
1397 3111 1491 3166 ως
1532 3087 1766 3169 εἰπεῖν,
1814 3084 2161 3172 ὅρώντων;
2198 3087 2565 3156 Ἀπολελύ-

398 3193 635 3276 γησθε,
682 3184 762 3277 ήν
809 3181 868 3253 5'
921 3185 1068 3272 ἐγώ,
1119 3183 1290 3276 υπὲρ
1336 3187 1518 3273 ἐμοῦ,
1567 3188 1627 3256 εἰ
1668 3188 1760 3276 μὴ
1806 3188 2126 3270 πιστεύω,
2173 3189 2354 3258 διότι
2394 3191 2565 3281 μηδὲ

400 3285 539 3374 ὁρῶ
595 3289 801 3375 μόνος
855 3314 989 3356 των
1036 3285 1286 3356 ἄλλων·
1350 3290 1411 3357 εἰ
1456 3290 1527 3357 δὲ
1585 3289 1844 3414 ἑώρων,
1902 3294 2014 3358 καὶ
2073 3291 2425 3362 ἐπίστευον
2484 3319 2567 3360 αν

400 3391 648 3479 δηλαδὴ
685 3390 917 3477 ὥσπερ
948 3389 1158 3477 ὑμεῖς.
1225 3385 1449 3474 Ἀλλά,
1495 3378 1536 3481 ἦ
1570 3392 1631 3457 δ’
1667 3389 1761 3472 ός,
1806 3389 1885 3482 ἤν
1920 3418 2091 3459 ποτε
2122 3393 2189 3473 ἐς
2217 3394 2566 3483 Κόρινθον

399 3493 624 3582 ἔλθῃς,
672 3492 853 3580 ἐροῦ,
902 3495 1076 3562 ε’νθα
1121 3493 1303 3562 ἐστὶν
1347 3490 1384 3581 ἦ
1435 3489 1813 3579 Εὐβατίδου
1858 3494 2070 3576 οἰκία,
2126 3498 2238 3562 καὶ
2287 3495 2564 3565 ἐπειδάν

399 3618 510 3663 σοι
554 3597 795 3685 δειχθῇ
840 3597 1028 3684 παρὰ
1071 3595 1148 3665 τὸ
1195 3596 1556 3683 Κράνειον,
1614 3596 1984 3683 παρελθών
2031 3597 2127 3675 εἰς
2172 3591 2376 3687 αὐτὴν
2421 3600 2566 3684 λέγε

396 3696 572 3783 πρὸς
622 3699 739 3765 τὸν
795 3697 1110 3785 θυρωρὸν
1172 3704 1440 3788 Τίβιον,
1508 3698 1602 3778 ὡς
1669 3698 1937 3777 ἐθέλοις
1994 3697 2160 3766 ἰδεῖν
2217 3692 2386 3766 ὅθεν
2442 3699 2558 3768 τὸν
2582 3717 2638 3765 57

402 3794 754 3882 δαίμονα(
719 3825 755 3865 ο
790 3799 1267 3886 Πυθαγορικὸς
1290 3794 1690 3887 Ἀρίγνωτος
1735 3796 2060 3887 ἀνορύξας
2097 3800 2412 3887 ἀπήλασε
2450 3805 2562 3870 καὶ

294 3910 365 3967 81
401 3897 576 3985 πρὸς
617 3898 692 3965 τὸ
740 3900 985 3968 λοιπὸν
1027 3901 1372 3971 οἰκεῖσθαι
1414 3900 1535 3988 τὴν
1581 3902 1798 3970 οἰκίαν
1841 3902 2143 3991 ἐποίησε.
2220 3908 2320 3970 31.
2361 3909 2447 3971 Τί
2489 3904 2563 3971 δὲ

398 4004 593 4067 τοῦτο
638 3986 738 4089 ἦν,
785 4028 837 4067 ω
878 4001 1264 4090 Ἀρίγνωτε,·
1306 3999 1504 4093 ἤρετο
1552 4000 1587 4071 5
1637 3998 1993 4093 Εὐκράτης.
2069 3993 2503 4093 Ἀοίκητος
2460 4035 2562 4096 ην,

262 4224 279 4233 Α

302 4262 323 4285 ἰν

332 4308 467 4452 ι,
