2867 4525
1015 344 1272 398 LUCIANI
1306 343 1647 398 NAVIGIUM.
2284 344 2408 403 305

471 520 534 578 in
577 518 692 579 hoe
735 520 924 580 omnis
965 521 1120 581 inest
1160 521 1270 598 vis,
1315 537 1435 581 non
1478 520 1540 578 in
1586 519 1967 597 amplitudine
1997 535 2069 578 ac
2098 517 2419 595 pulchritu-

473 620 610 681 dine
650 620 884 682 theatri.

261 740 317 784 e.
342 721 769 786 25.ἐκέλευσα
800 718 925 798 [ἂν]
959 720 1035 781 ef.
1068 720 1146 780 ad
1174 740 1228 784 e.
1261 724 1359 787 20.
1392 720 1496 782 ubi
1524 723 1586 782 in
1615 721 1882 783 omnibus
1913 722 2218 784 codicibus
2247 726 2419 785 omis-

477 843 606 885 sum
648 823 728 883 ad
770 818 1138 904 ὠνησάμην.

256 945 312 986 e.
340 930 442 987 26.
475 927 714 1003 ἐθέλεις
765 914 1220 1006 ἆριθμήσομαι
1251 920 1275 1006 Ι]
1308 969 1324 985 .
1372 970 1387 984 .
1437 941 1705 1002 σώμαι.
1748 961 1835 970 -
1875 922 2130 1002 βιώσεις
2161 921 2185 1008 ΙΙ
2213 920 2419 1006 βιώσῃ

473 1027 618 1088 Ddf.
664 1028 766 1088 Fr.
811 1059 896 1072 —-
939 1031 1068 1090 καὶ
1110 1023 1205 1108 ἢν
1251 1026 1457 1108 ἐκείνη
1502 1025 1872 1110 α’πορῤαγῇ,
1923 1023 2137 1093 πάντα
2179 1028 2420 1108 οἴχεται
2541 1096 2547 1109 ,

468 1127 492 1212 ΙΙ
529 1129 778 1191 Servata
828 1129 943 1189 hoe
986 1130 1120 1189 loeo
1161 1132 1224 1190 in
1267 1129 1572 1191 eodieibus
1613 1135 1891 1208 separata
1933 1130 2141 1211 forma,
2186 1135 2295 1223 xa}
2338 1127 2419 1212 ἢν

469 1249 577 1307 pro
635 1230 787 1292 falso
848 1235 1152 1292 eontracta
1203 1228 1371 1295 κᾶν.
1463 1231 1554 1293 cf.
1611 1232 1689 1292 ad
1728 1234 1832 1293 Bis
1890 1250 2087 1293 aecus.
2136 1251 2183 1296 e.
2239 1239 2294 1293 1.
2335 1264 2421 1278 —-

255 1336 430 1397 e.27.
464 1330 613 1397 κᾶν
655 1329 754 1413 μὴ
798 1331 976 1413 εἴπῃς
1008 1328 1032 1414 ΙΙ
1063 1334 1156 1392 Ex
1198 1352 1405 1394 norma
1449 1353 1630 1412 supra
1672 1336 1977 1412 proposita
2018 1334 2094 1394 de
2135 1353 2246 1395 usu
2275 1330 2420 1398 κᾶν.

255 1455 311 1497 ο.
336 1438 441 1496 28.
474 1430 566 1511 ὡς
609 1435 875 1499 ἐκείνων
919 1431 1085 1515 πρὸς
1116 1432 1308 1499 ου’δὲν
1352 1429 1932 1499 ἀνανευόντων
1964 1431 1989 1517 ΙΙ
2021 1431 2422 1499 α’νανευσόν-

466 1559 604 1600 των
652 1535 798 1598 Oob.
886 1533 1175 1595 Statutum
1227 1538 1380 1596 enim
1438 1540 1591 1598 inter
1640 1537 1862 1596 amieos
1914 1536 2078 1596 illico
2121 1553 2233 1614 per
2276 1536 2420 1599 deos

470 1638 618 1719 fieri,
661 1638 821 1715 quod
863 1639 981 1714 ipsi
1024 1641 1319 1714 expetant.
1392 1638 1483 1699 Of.
1529 1657 1582 1699 e.
1636 1642 1731 1699 13.
1762 1656 1897 1715 sqq.

256 1760 309 1802 ο.
335 1722 434 1805 23.
473 1737 564 1817 ὡς
619 1735 822 1804 τοῦτό
876 1762 948 1819 γε
1001 1735 1165 1803 αὐτὸ
1216 1731 1259 1820 ἤ
1271 1743 1355 1821 δη
1410 1745 1746 1820 μείζονα
1802 1739 1966 1804 εἶναι
2017 1746 2154 1803 τῶν
2197 1731 2421 1804 ἄλλων

469 1844 791 1920 βασιλέων
823 1839 846 1921 ΙΙ
879 1837 1018 1921 ἣδύ
1052 1846 1294 1921 μείζω
1326 1840 1490 1904 εἶναι
1519 1835 1699 1903 Aa&
1726 1841 1894 1903 det.
1967 1842 2133 1903 Idem
2162 1848 2299 1919 post
2327 1861 2420 1903 me

472 1945 608 2021 (61)
643 1944 793 2004 vidit
819 1943 1063 2021 Madvig
1092 1942 1259 2021 (72);
1306 1941 1461 2003 Nam
1496 1941 1600 2004 Ιιοο
1643 1946 1832 2022 ipsum
1877 1943 2038 2005 dulce
2082 1988 2099 2005 .
2142 1979 2230 1988 —
2272 1988 2290 2006 .
2338 1988 2353 2004 .
2402 1991 2418 2007 .

467 2041 684 2127 ὥσπερ
731 2040 896 2108 ὅταν
942 2043 1054 2124 ἴδῃ
1098 2067 1195 2120 τις
1226 2041 1251 2122 ΙΙ
1282 2033 1331 2128 ᾖ
1372 2067 1490 2121 τις
1535 2040 1701 2105 det.

255 2165 309 2209 e.
334 2151 436 2208 31.
469 2141 1294 2226 ἐναντιωθησόμενος
1339 2141 1364 2227 fl
1395 2146 1729 2210 ἐναντία
1771 2142 2228 2228 θησόμενος
2273 2148 2419 2209 coh.

256 2267 310 2311 e.
338 2251 440 2311 32.
474 2242 1035 2325 διαβάλλωμεν
1078 2242 1199 2312 τὸν
1242 2250 1520 2327 Αἰγαῖον
1552 2242 1576 2330 ΙΙ
1609 2245 2034 2330 διαλάβωμεν
2077 2244 2308 2316 Acml
2339 2285 2422 2295 -—

473 2342 616 2432 ι’ίχρι
648 2346 675 2433 fl
705 2342 884 2431 ἄχρις
927 2345 1162 2413 Acmt

260 2472 311 2514 e.
341 2456 443 2513 33.
476 2451 967 2531 ἐπεισαχθέντες.
1061 2451 1341 2511 Codicum
1398 2454 1712 2514 lectionem
1756 2454 2020 2515 defendit
2060 2453 2421 2515 Fritzschius

475 2557 680 2614 eontra
713 2553 979 2614 Bekkeri
1022 2556 1083 2613 et
1112 2551 1319 2613 Cobeti
1363 2556 1759 2615 coniecturam
1805 2556 2272 2635 ἐπισταθέντες,
2318 2556 2421 2616 ad-

474 2657 595 2716 lato
650 2675 725 2715 ex
773 2658 953 2732 poeta
1001 2656 1225 2715 incerto
1272 2673 1368 2732 ap.
1411 2656 1736 2716 Diodorum
1779 2655 1897 2720 Sic.
1942 2658 2073 2717 XII.
2127 2663 2223 2717 11.
2267 2677 2327 2717 v.
2362 2661 2420 2718 3.

478 2753 516 2819 ὃ
546 2760 768 2820 παισὶν
797 2752 1008 2820 αὐτοῦ
1034 2753 1353 2838 μητρυιὰν
1399 2753 1846 2836 ἐπεισάγων
1894 2763 1952 2819 et
1980 2778 2039 2819 V.
2073 2763 2131 2819 5.
2176 2759 2421 2836 ἐπεις-

477 2854 724 2921 ακτὸν
779 2853 1005 2921 κακόν.
1060 2891 1148 2900 -
1202 2858 1273 2922 ἐν
1326 2856 1694 2943 τοσούτῳ
1734 2855 1759 2941 u
1803 2860 1873 2922 ἐν
1924 2857 2140 2945 τούτῳ
2184 2856 2422 2926 ΑΟΩἳῐ

264 2978 310 3024 ο.
343 2963 446 3020 34.
479 2959 547 3022 ἐκ
592 2966 751 3023 τῶν
781 2964 1131 3040 πλησίον
1161 2964 1294 3023 καὶ
1325 2966 1839 3041 προαστείων
1871 2960 1894 3041 ΙΙ
1927 2961 2007 3026 ἐκ
2037 2969 2199 3026 τῶν
2229 2969 2419 3043 πλη-

478 3066 658 3125 σίον
701 3063 855 3137 [καὶ
899 3062 1432 3143 προαστείων]
1464 3063 1629 3124 det.
1701 3064 1935 3142 Nempe
1965 3065 2170 3142 glossa
2197 3063 2275 3125 ad
2318 3082 2419 3124 ex-

474 3163 815 3240 plicandum
856 3169 994 3226 τῶν
1036 3169 1314 3244 πλησίον
1358 3163 1561 3225 addita

264 3285 315 3327 c.
344 3269 445 3326 35.
478 3264 579 3327 ἐπὶ
609 3260 724 3340 τὰς
754 3265 969 3341 ἐλαίας
996 3262 1016 3344 Β
1046 3261 1178 3328 ὑπὸ
1207 3265 1318 3327 Bk.
1342 3266 1485 3326 Ddf.
1507 3268 1608 3328 Fr.
1631 3266 1798 3329 det.
1828 3301 1912 3313 —-
1944 3264 2068 3347 ἐγω
2098 3272 2164 3332 δὲ
2193 3264 2420 3349 νήφειν

479 3356 661 3450 ᾤμην
683 3370 791 3428 καὶ
814 3364 903 3430 ου’
937 3389 1264 3448 παραπο
1283 3375 1717 3445 φανεῖσθαι
1740 3366 1859 3451 τὴν
1881 3365 2145 3450 γνώμην
2166 3367 2187 3452 ΙΙ
2218 3366 2419 3451 ὕπαρ

479 3470 618 3543 (om.
686 3465 791 3545 οὐ)
848 3465 963 3531 α’π
989 3493 1027 3531 ο
1055 3490 1103 3546 φ
1132 3491 1171 3531 α
1197 3473 1281 3532 ίν
1309 3491 1337 3531 ε
1368 3475 1475 3532 σθ
1504 3492 1544 3531 α
1571 3495 1592 3532 ι
1648 3466 1766 3550 τὴν
1822 3466 2086 3552 γνώμην
2142 3472 2423 3550 Hirsehig

480 3568 642 3647 quod
694 3570 908 3645 probat
951 3570 1140 3631 Cobet
1191 3581 1373 3642 „recte
1427 3590 1647 3644 mones,
1705 3590 1805 3650 eqo
1861 3591 1951 3633 me
2006 3573 2264 3635 sobrium
2307 3592 2422 3634 esse

479 3670 765 3751 opinabar
800 3681 852 3732 ec
882 3672 1215 3750 viyilantem
1259 3675 1400 3751 (mm
1442 3676 1507 3733 in
1533 3670 1778 3753 somnis)
1807 3677 2145 3736 sententiam
2177 3674 2418 3736 ἀίων-ψ.

480 3770 957 3852 ἀποφαίνεσθαι
1000 3769 1118 3854 τὴν
1162 3770 1429 3856 γνώμην
1474 3775 1622 3835 nihil
1665 3774 1826 3835 aliud
1868 3779 1958 3836 est
2001 3793 2177 3852 quam
2213 3776 2419 3855 λέγειν

479 3870 560 3938 τὰ
603 3874 745 3951 ἐμοὶ
790 3878 1131 3940 δοκοῦντα.

266 3995 318 4038 e.
346 3980 448 4037 36.
480 3973 992 4054 ἐπιλαμβάνουσι
1015 3977 1285 4040 invadere
1309 3977 1410 4038 Fr.
1430 4010 1520 4021 ——
1538 3980 1694 4059 μηδὲ
1716 4001 1764 4042 π
1778 4001 1816 4060 ρ
1832 4003 1869 4043 ο
1883 3981 1921 4042 δ
1932 3974 1988 4043 ώ
2001 3993 2041 4042 σ
2053 4001 2082 4042 ε
2095 4001 2171 4042 τε
2190 3974 2211 4060 Ε
2239 4002 2287 4042 π
2298 4002 2379 4061 ρο
2395 4016 2418 4025 -

438 4081 626 4141 δῶτε
668 4073 903 4143 ΑΟΩἳῑ
945 4078 1062 4140 Bk.

368 4183 540 4229 Lucina
563 4183 648 4228 111.
2042 4182 2106 4233 20
