2867 4525
251 1916 306 1958 c.
336 1901 440 1958 36.

256 2223 308 2266 c.
338 2209 440 2267 37.

256 2429 302 2476 c.
338 2414 440 2471 38.

248 1095 301 1137 c.
329 1080 432 1137 35.

684 368 689 373 ι
751 288 1007 341 LUCIANI
1043 289 1473 343 ANACHARSIS.
1545 290 1628 343 DE
1665 290 1898 345 LUCTU.
2285 293 2409 351 277

462 465 750 541 persuasi,
798 462 874 523 de
902 468 1009 526 καὶ
1041 460 1142 543 ἂν,
1183 468 1291 527 καὶ
1317 459 1398 545 ἢν
1431 467 1490 524 et
1518 461 1643 528 κᾶν
1672 500 1756 508 -
1785 466 1862 526 ad
1892 466 1994 527 Bis
2022 466 2234 531 Accus.
2271 485 2318 531 c.
2364 473 2414 528 1.

462 598 549 607 —
587 570 694 627 καὶ
722 562 801 645 ἢν
833 562 1101 646 διώκητε
1133 562 1156 646 ΙΙ
1188 564 1285 627 Sic
1306 568 1368 626 in
1389 567 1691 628 codicibus
1714 567 1792 627 cf.
1819 568 1896 628 ad
1922 568 2016 628 bis
2047 586 2243 630 accus.
2274 587 2327 630 c.
2360 575 2413 630 1.

245 682 292 730 c.
324 670 422 731 34.
460 662 539 729 τό
583 689 652 730 τε
694 662 817 748 γὰρ
863 668 932 731 ἐν
978 663 1292 753 α’φράκτῳ
1349 671 1550 732 οἰκεῖν
1597 664 1822 752 ῥᾴδιον
1867 672 1955 746 εἰς
1999 668 2353 753 ἐπιβουλήν
2396 667 2417 754 ss

463 769 556 827 Ex
613 769 796 829 latino
861 769 1018 830 hanc
1077 787 1207 832 esse
1262 774 1615 832 structuram
1670 789 2011 848 expressam
2056 769 2282 854 ῥᾴδιον
2327 776 2416 850 εἰς

465 868 819 953 ἐπιβουλήν
874 870 1048 951 facilc
1113 881 1194 933 cst
1259 873 1335 933 ad
1399 874 1786 935 invadendum
1853 874 2005 935 bene
2070 878 2418 937 monstravit

463 974 543 1033 M.
576 973 849 1051 Seyffert.
1544 1027 1553 1037 ,,

467 1078 672 1152 δέδιας
715 1126 729 1141 .
786 1073 871 1158 μὴ
924 1073 1139 1157 ὥσπερ
1186 1121 1200 1136 .
1251 1121 1265 1136 .
1313 1122 1327 1136 .
1373 1074 1546 1158 λάθῃ
1606 1082 1977 1159 διαρρυεῖσα
2023 1123 2039 1140 .
2089 1123 2104 1140 .
2149 1085 2350 1144 κᾶτα
2393 1131 2408 1145 .

465 1179 711 1259 οἴχηται
757 1174 781 1261 ss
821 1179 996 1243 εἶτα
1067 1181 1195 1240 sine
1260 1182 1477 1257 copula
1540 1185 1677 1257 post
1733 1184 2106 1260 participium
2163 1182 2241 1242 ad
2295 1184 2415 1243 vim

466 1283 745 1359 temporis
789 1283 1017 1360 peracti
1060 1284 1300 1358 gravius
1343 1282 1660 1349 notandam
1706 1282 1778 1347 cf.
1832 1283 1909 1343 ad
1948 1284 2178 1347 Anach.
2225 1303 2276 1346 c.
2317 1290 2415 1346 10.

465 1417 552 1426 -
610 1378 744 1469 ὅσῳ
803 1407 899 1460 τις
958 1380 1041 1447 ἂν
1095 1379 1297 1464 αὐτὴν
1349 1384 1624 1465 ἐξαντλῇ
1667 1397 1804 1461 τοῖς
1849 1381 2112 1464 πόνοις,
2171 1391 2417 1472 τοσῷδε

465 1492 720 1563 μᾶλλον
766 1488 1013 1568 ἐπιρρεῖ
1040 1481 1064 1568 ΙΙ
1095 1487 1209 1546 Hic
1241 1504 1479 1563 quoque
1524 1486 1983 1563 deprehenditur
2010 1488 2231 1549 latinae
2277 1507 2413 1548 con-

469 1590 800 1650 structionis
861 1592 1172 1660 memoria‚
1231 1592 1620 1667 appositeque
1671 1608 1857 1666 nuper
1903 1589 2259 1650 admonitum
2306 1596 2412 1671 est,

467 1693 529 1752 in
573 1692 776 1770 lingua
817 1693 1184 1769 potissimum
1227 1691 1447 1752 indicia
1475 1711 1548 1753 ac
1577 1694 1832 1770 vestigia
1859 1694 2102 1770 originis
2129 1692 2414 1753 librorum

470 1795 676 1855 latere.

474 1892 957 1973 ἀποδυσόμενοι
990 1890 1014 1977 ΙΙ
1047 1939 1062 1956 .
1091 1938 1105 1953 .
1133 1890 1232 1958 σά.
1256 1893 1418 1958 det.
1441 1929 1529 1939 —
1549 1891 1900 1978 λεπτότερα
1919 1894 2041 1978 γὰρ
2063 1894 2100 1978 ἢ
2126 1896 2277 1962 κατ’
2308 1899 2414 1974 ἐμὲ

477 1998 731 2079 εἴρηκας
764 1996 786 2078 ss
818 1996 1123 2058 subtiliora
1160 2017 1332 2078 quam
1376 2017 1518 2078 quac
1546 2017 1644 2076 cqc
1689 1998 2033 2077 intelleqam.
2101 2000 2418 2079 comparat

473 2103 553 2161 M.
585 2101 840 2178 Seyffert
878 2101 951 2160 de
988 2104 1278 2161 structura
1319 2105 1574 2161 atrocius
1617 2119 1789 2181 quam
1826 2120 1936 2181 pro
1983 2120 2243 2164 numero.

472 2200 511 2285 ἢ
542 2199 774 2284 γελάσῃ
806 2207 1003 2284 δῆλον
1041 2198 1142 2268 ὅτι
1176 2199 1199 2286 ΙΙ
1230 2193 1279 2288 ἦ
1308 2203 1472 2265 det.
1497 2237 1581 2248 —-
1602 2204 1664 2281 ἐς
1696 2200 1991 2284 φάλαγγα
2023 2201 2048 2288 ΙΙ
2080 2205 2142 2282 ἐς
2175 2200 2417 2284 φάλαγ-

475 2330 590 2385 γας
632 2306 775 2366 Ddf.
819 2306 932 2367 Bk.

472 2405 548 2472 τὸ
573 2404 693 2490 γὰρ
719 2404 849 2472 α’πὸ
873 2404 1116 2472 τούτου
1140 2404 1353 2490 εἰρήνη
1386 2416 1423 2472 λ
1442 2404 1680 2473 οιπόν
1712 2405 1736 2491 ΙΙ
1769 2427 1897 2469 om.
1927 2417 1965 2472 λ
1983 2433 2019 2473 ο
2037 2404 2227 2474 ιπόν
2249 2409 2416 2470 det.

473 2512 614 2588 quia
682 2510 969 2590 abundat,
1035 2531 1171 2571 nam
1215 2511 1371 2570 idem
1417 2515 1536 2589 est,
1606 2512 1765 2586 quod
1820 2507 1897 2575 τὸ
1955 2509 2083 2575 άπὸ
2143 2509 2421 2592 τούτου;

478 2614 627 2695 quod
667 2623 873 2684 restat,
917 2625 999 2675 cst
1034 2631 1160 2693 pam
1209 2646 1283 2655 -
1334 2610 1428 2677 ου’
1440 2637 1480 2693 χ
1524 2609 1705 2689 ὅπως
1752 2656 1766 2671 .
1814 2658 1829 2673 .
1878 2657 1892 2672 .
1941 2611 2106 2678 α’λλὰ
2149 2620 2256 2677 καὶ
2299 2634 2418 2675 non

475 2716 649 2778 modo
698 2734 818 2776 non
864 2714 971 2776 sed
1010 2749 1097 2758 —
1140 2717 1682 2779 διατιθέντων
1722 2710 1744 2796 Ι
1779 2714 2113 2775 addendum
2157 2711 2418 2794 οὕτως

477 2823 633 2885 διατ.
683 2819 850 2881 det.
897 2816 973 2878 cf.
1020 2838 1071 2879 c.
1123 2823 1179 2879 6.
1227 2854 1312 2864 —
1356 2824 1569 2882 καίτοι
1619 2815 1758 2882 κᾶν
1813 2814 1907 2898 μὴ
1954 2810 1991 2880 ὃ
2037 2824 2419 2901 Λυκοῦργος

479 2922 620 3002 εἴπῃ
653 2919 676 3001 ΙΙ
708 2925 816 2985 καὶ
861 2917 942 2985 ἂν
986 2917 1071 3002 μὴ
1116 2919 1280 2982 det.

902 3272 1265 3340 LUGIANI
1310 3274 1426 3338 DE
1473 3271 1787 3339 LUGTU.

574 3412 709 3475 Coa.
761 3411 917 3475 Gorl.
965 3440 1047 3464 =
1091 3413 1148 3475 A
1337 3409 1473 3472 Cod.
1521 3409 1702 3471 Marc.
1750 3415 1873 3472 434
1917 3437 2004 3461 =
2046 3405 2114 3470 Ω

261 3516 400 3578 Cod.
433 3514 618 3577 Marc.
653 3520 776 3578 436
807 3543 892 3566 =
926 3512 1001 3574 Ψ
1095 3513 1228 3575 Cod.
1286 3512 1404 3573 Vat.
1441 3519 1518 3576 90
1542 3513 1703 3576 =21
1797 3512 1931 3574 Cod.
1966 3510 2112 3573 Mut.
2147 3530 2199 3572 c.
2242 3517 2419 3572 1-5.

260 3655 310 3698 c.
389 3642 440 3699 1.

260 3963 311 4005 c.
384 3948 442 4005 3.

473 3632 553 3699 τὰ
599 3680 613 3695 .
661 3680 675 3695 .
724 3628 916 3711 αὖθις
960 3628 1043 3697 αὖ
1089 3630 1399 3713 λεγόμενα
1432 3629 1456 3714 ΙΙ
1489 3651 1600 3693 om.
1656 3626 1847 3709 αὖθις
1891 3627 1960 3691 Ω
2006 3665 2088 3675 -
2133 3629 2232 3708 οἷς
2276 3627 2423 3695 ὀδύ-

475 3760 704 3817 ρονται
737 3734 760 3819 ΙΙ
794 3732 936 3813 οὓς
966 3731 1034 3796 Ω
1066 3768 1151 3779 -
1180 3732 1343 3817 πρὸς
1373 3733 1451 3799 τὸ
1481 3741 1609 3799 καὶ
1639 3740 1937 3816 καθορᾶν
1967 3740 2103 3798 τῶν
2135 3728 2423 3798 ἐνόντων

479 3835 754 3904 ἕκαστον
787 3835 811 3921 ΙΙ
843 3858 953 3904 om.
1004 3843 1127 3902 καὶ
1172 3832 1323 3897 ΩΨ

476 3941 620 4007 κάκ
663 3938 893 4020 μόνων
937 3967 992 4006 τ.
1038 3936 1386 4026 ὀνομάτων
1418 3938 1439 4021 fl
1476 3940 1554 4002 ἐκ
1600 3938 1760 4003 det.
1811 3939 1942 4015 (καὶ
1987 3938 2054 4002 ἐκ
2083 3932 2309 4013 ΑΩΨ)
2340 3971 2424 3981 -

478 4036 526 4125 ἢ
567 4051 1009 4125 παρελθεῖν
1041 4042 1065 4123 ΙΙ
1096 4062 1210 4106 om.
1252 4038 1332 4103 Ψ
