2867 4525
445 255 529 312 64
1349 256 1726 310 ΛΟΥΚΙΑΝΟΥ

443 451 678 513 γοντος
720 440 1161 493 καταπονεῖτε
1205 434 1526 505 παίοντες
1568 430 1678 494 καὶ
1725 422 1859 493 ὗπὸ
1893 430 2037 504 ,τῶν
2070 419 2374 512 ἱδρώτων
2402 451 2610 509 καταή

445 531 886 610 ναλίσκοντες,
963 525 1038 594 οὗ
1114 529 1587 613 ταμιευόμενοι
1659 528 1836 615 πρὸς
1906 527 1983 594 τὸ
2063 522 2420 615 ἀναγκαῖον
2490 527 2613 607 τὰς

447 626 653 710 ἀλκὰς
713 630 957 711 αὐτῶν,
1027 624 1164 696 ἀλλ’
1232 631 1371 720 εἰκῆ
1426 629 1496 697 ἐν
1552 634 1650 715 τῷ
1710 632 1909 719 πηλῷ
1962 634 2075 697 καὶ
2135 634 2219 719 τῇ
2273 631 2458 699 κόνει
2512 630 2612 698 ἐκ·

440 740 701 817 χέοντες
716 765 737 817 ,·

616 840 835 904 BOA.
880 829 1171 916 Ἔοικας,
1241 820 1293 902 ὦ
1343 829 1753 921 Ἀνάχαρσι,
1821 833 2082 902 τοιόνδε
2135 860 2204 901 τι
2264 834 2614 919 δυνάμεως

446 943 604 1023 πέρι
651 937 916 1020 ἐννοεῖν,
964 934 1059 1016 ὥς
1103 938 1265 1026 οἴνῳ
1309 927 1351 1026 ἢ
1395 930 1592 1004 ῧδατι
1636 929 1677 1026 ἢ
1725 933 1905 1024 άλλῳ
1949 940 2081 1005 τῶν
2113 932 2327 1022 ὖγριῦν
2359 933 2611 1022 ὁμοίαν

448 1035 652 1129 αὐτὴν
711 1026 947 1107 οὖσαν·
1028 1041 1254 1119 δέδιας
1310 1046 1468 1127 γοῦν
1524 1040 1614 1132 μὴ
1675 1034 1906 1126 ὥσπερ
1967 1038 2043 1118 ἐξ
2097 1035 2359 1126 ἀγγείου
2417 1065 2612 1124 κερα-

443 1148 607 1229 μεοῦ
671 1144 853 1231 λάθῃ
923 1144 1310 1229 διαρρυεῖσα
1378 1143 1447 1210 ἐν
1502 1157 1646 1221 τοῖς
1703 1141 1941 1221 πόνοις
2000 1138 2146 1235 εἶτα
2197 1138 2357 1229 ἡμῖν
2414 1141 2610 1209 κενὸν
2628 1158 2718 1207 916

442 1248 555 1313 καὶ
602 1245 800 1335 ξηρὸν
848 1246 1111 1334 οἴχηται
1155 1244 1229 1312 τὸ
1281 1250 1477 1330 σῶμα
1520 1246 1988 1312 καταλιποῦσα
2018 1240 2152 1310 ὑπὸ
2184 1243 2475 1333 μηδενὸς
2505 1245 2614 1312 ’έν-

446 1349 652 1417 δοθεν
709 1344 1315 1436 ἀναπληρούμενον.
1405 1347 1481 1414 τὸ
1546 1346 1618 1413 δὲ
1662 1343 1778 1429 οὐχ
1824 1343 2037 1424 οὕτως
2082 1346 2216 1428 ἔχει
2262 1370 2403 1429 σοι,
2462 1342 2608 1418 ἀλλ’

444 1444 584 1541 ὅσῳ
641 1477 746 1529 τις
806 1441 887 1518 ἀν
948 1445 1149 1539 αὐτὴν
1206 1450 1482 1538 ἐξαντλῇ
1538 1464 1684 1528 τοῖς
1727 1449 1993 1530 πόνοις,
2049 1450 2309 1536 τοσῷδε
2351 1451 2613 1533 μᾶλλον

445 1553 709 1639 ἐπιρρεῖ
764 1552 932 1619 κατὰ
977 1553 1092 1621 τὸν
1139 1557 1300 1640 περὶ
1343 1557 1467 1639 τῆς
1502 1552 1753 1636 (Ύδρας
1794 1555 2046 1635 μῦθον,
2108 1551 2174 1618 εἴ
2213 1578 2364 1619 τινα
2396 1547 2612 1641 ’ἤκου-

445 1679 586 1738 σας,
633 1652 727 1735 (ὃς
773 1650 922 1723 ἀντὶ
965 1661 1129 1741 μιᾶς
1169 1658 1465 1745 κεφαλῆς
1508 1659 1882 1744 τμηθείσης
1928 1652 2022 1719 δύ’
2074 1648 2180 1721 ἀεὶ
2222 1652 2422 1722 ἄλλαι
2453 1650 2611 1721 ἀνε-

445 1760 717 1846 φύοντο.
790 1750 870 1847 ἢν
927 1760 1021 1826 δὲ·
1056 1753 1473 1845 ἀγύμναστος
1527 1756 1599 1835 ἐξ
1653 1750 1854 1846 ἀρχῆς
1910 1759 2022 1823 καὶ
2071 1750 2307 1834 ἀτονος
2348 1742 2392 1843 ᾖ
2436 1756 2611 1844 μηδὲ

445 1859 679 1949 διαρκῆ
736 1860 855 1947 τὴν
915 1855 1074 1949 ῧλην
1133 1861 1242 1948 ἔχῃ
1302 1857 1882 1947 ὑποβεβλημένην,
1926 1858 2084 1925 τότε
2125 1854 2261 1925 im)
2307 1862 2440 1925 τῶν
2487 1886 2609 1925 κα-

440 1962 671 2046 μάτων
736 1962 1113 2047 βλάπτοιτο
1173 1952 1253 2029 ἀν
1305 1965 1416 2029 καὶ
1474 1967 2078 2047 καταμαραίνοιτο,
2148 1959 2295 2028 οἶόν
2352 1986 2419 2028 τι
2487 1960 2607 2028 ἐπὶ

441 2062 656 2151 πυρὸς
698 2068 810 2132 καὶ
858 2064 1091 2147 λύχνου
1133 2071 1456 2151 γίγνεται·
1531 2060 1665 2132 ὕπὸ
1713 2063 1837 2149 γὰρ
1883 2067 1980 2149 τῷ
2028 2056 2208 2149 αὐτῷ
2252 2063 2608 2152 φυσήματι

440 2165 514 2232 τὸ
571 2168 692 2250 μὲν
753 2170 888 2253 πῦρ
949 2161 1392 2245 ἀνακαύσειας
1452 2157 1533 2234 ἀν
1583 2169 1693 2234 καὶ
1738 2165 1964 2251 μεῖζον
2010 2164 2077 2232 ἐν
2119 2171 2355 2251 βραχεῖ
2398 2166 2611 2254 ποιή-

440 2291 628 2348 σειας
683 2270 1107 2358 παραθήγων
1167 2273 1264 2356 τῷ
1309 2269 1673 2354 πνεύματι,
1730 2273 1842 2338 καὶ
1885 2269 1962 2336 τὸ
2008 2273 2129 2337 τοῦ
2175 2268 2407 2353 λύχνου
2454 2273 2609 2357 φῶς

444 2364 898 2456 ἀποσβέσειας
942 2366 1059 2438 οὐκ
1104 2372 1250 2455 ἕχον
1296 2368 1702 2460 ἀποχρῶσαν
1745 2375 1864 2459 τῆς
1905 2365 2065 2460 ῧλης
2108 2370 2229 2456 τὴν
2261 2378 2605 2460 χορηγίαν,

441 2467 535 2549 ὥς
580 2472 813 2562 διαρκῆ
859 2470 1032 2541 εἶναι
1062 2474 1237 2559 πρὸς
1276 2476 1352 2543 τὸ
1402 2470 1792 2543 ἀντιπνέον·
1842 2471 1919 2541 οὗ
1963 2475 2038 2560 γό
2052 2499 2088 2560 ρ
2136 2468 2251 2541 ἀπ’
2306 2474 2604 2560 ἰσχυρᾶς,

444 2572 655 2659 οἶμαι,
702 2578 820 2664 τῆς
863 2575 1044 2665 ῥίζης
1091 2572 1437 2668 ἀνεφύετο.

355 2699 431 2755 36
622 2684 723 2747 36.
768 2684 1083 2748 ΑΝΑΧ.
1136 2685 1345 2749 Ταυτὶ
1388 2681 1529 2764 μέν,
1576 2664 1632 2745 ὦ
1661 2679 1909 2761 Σόλων,
1956 2676 2032 2746 οὐ
2078 2678 2258 2746 πάνυ
2299 2686 2604 2767 συνίημι·

443 2781 814 2867 λεπτότερα
868 2780 995 2871 γὰρ
1040 2773 1081 2867 ἢ
1124 2777 1260 2849 κατ’
1328 2782 1443 2867 ἐμὲ
1497 2782 1763 2870 ε’ίρηκας
1809 2776 2121 2874 ἀκριβοῦς
2164 2805 2347 2859 τινος
2392 2806 2604 2869 φρον-

440 2884 627 2962 τίδος
670 2888 782 2952 καὶ
830 2884 1133 2963 διανοίας
1178 2879 1293 2963 ὀξὺ
1342 2885 1726 2968 δεδορκυίας
1757 2883 2060 2969 δεόμενα.
2135 2882 2343 2953 έκεῖνο
2375 2883 2450 2949 δέ
2478 2908 2603 2967 μοι

440 2980 714 3065 πάντως
766 2986 950 3068 εἰπέ,
1010 2993 1189 3065 τίνος
1250 2986 1435 3053 ἕνεκα
1495 2980 1638 3069 οὗχὶ
1689 2989 1808 3053 καὶ
1868 2986 1935 3053 έν
1993 2999 2137 3064 τοῖς
2198 2980 2411 3070 ἀγῶσι
2454 2999 2605 3064 τοῖς

433 3082 842 3171 Ὀλυμπίασι
893 3090 1006 3154 καὶ
1042 3083 1311 3172 Ἰσθμοῖ
1349 3091 1461 3155 καὶ
1493 3093 1733 3155 Πυθοῖ
1772 3091 1884 3155 καὶ
1913 3101 2057 3166 τοῖς
2086 3083 2337 3170 ἄλλοις,
2384 3083 2603 3156 ὁπότε

425 3191 718 3272 πολλοί,
764 3186 858 3268 ὥς
903 3186 1065 3279 φής,
1119 3196 1425 3258 συνίασιν
1471 3184 1805 3276 ὀψόμενοι
1845 3189 2003 3269 τοὺς
2047 3195 2235 3268 νέους
2277 3189 2601 3277 ἀγωνιζο-

436 3297 708 3376 μένους,
756 3285 1082 3359 οὗδέποτε
1126 3291 1194 3358 έν
1239 3290 1482 3370 ὅπλοις
1525 3299 1849 3360 ποιεῖσθε
1890 3292 2010 3382 τὴν
2056 3292 2374 3376 ἅμιλλαν,
2421 3286 2597 3359 ἀλλὰ
2616 3311 2708 3362 917

436 3394 721 3481 γυμνοὺς
795 3393 861 3472 ἐς
925 3393 1001 3461 τὸ
1070 3399 1277 3478 μέσον
1342 3395 1846 3482 παραγαγόντες
1913 3394 2420 3480 λακτιζομένους
2482 3399 2600 3463 καὶ

435 3502 828 3581 καιομένους
892 3496 1303 3564 ἐπιδείκνυτε
1369 3499 1481 3564 καὶ
1550 3496 1861 3584 νικήσασι
1922 3500 2102 3584 μῆλα
2162 3501 2275 3565 καὶ
2330 3494 2597 3564 κότινον

440 3599 693 3683 didm-e,-
749 3595 936 3678 ἀξιον
991 3599 1117 3686 γὰρ
1179 3599 1428 3667 εἰδέναι
1471 3600 1667 3668 τοῦτό
1713 3626 1820 3688 γε,
1879 3594 2140 3678 οὗτινος
2186 3598 2373 3666 ἕνεκα
2417 3591 2596 3666 οῧτω

437 3717 717 3770 ποιεῖτε.

608 3808 827 3872 ΣΟΛ.
865 3801 1252 3893 Ἡγούμεθα
1293 3804 1439 3892 γάρ,
1487 3789 1541 3870 ὦ
1581 3802 1981 3891 Ἀνάχαρσι,
2026 3802 2146 3894 τὴν
2191 3803 2261 3882 ές
2302 3802 2386 3870 τὰ
2428 3830 2595 3891 γυμ-

437 3906 638 3973 νάσια
711 3912 1107 3993 προθυμίαν
1176 3900 1386 3986 οὕτως
1455 3897 1535 3973 ἀν
1601 3908 1819 3975 πλείω
1885 3906 2277 3994 ἐγγενέσθαι
2342 3906 2592 3988 αὐτοῖς,

437 4007 498 4075 εἰ
551 4007 707 4087 τοὺς
762 4005 1235 4093 ἀριστεύοντας
1293 4008 1361 4076 έν
1415 4009 1681 4088 τούτοις
1732 4010 1945 4078 ἰ’δοιεν
2003 4013 2418 4095 τιμωμένους
2477 4010 2593 4074 καὶ
