2867 4525
929 333 1235 388 ΡΗΤΟΡΩΝ
1272 335 1695 388 ΔΙΔΑΣΚΔΔΟΣ.
2309 333 2388 391 81

231 513 501 575 σασθαι
522 507 640 591 μὲν
660 504 737 571 τὸ
767 497 1255 583 ἀποξύσασθαι
1279 505 1460 591 λέγοι
1489 529 1611 586 τις,
1642 503 1717 570 τὸ
1751 504 1822 570 δὲ
1852 500 2021 592 ἡλίῳ
2052 509 2395 590 θέρεσθαι

233 612 751 698 εἱληθερεῖσθαι
767 660 785 689 ,
830 605 950 674 τόν
998 606 1358 693 ἀρραβῶνα
1404 607 1476 673 δὲ
1519 605 1923 691 προνόμιον,
1978 605 2094 672 τὸν
2140 601 2394 692 ὄρθρον

233 712 310 778 δὲ
355 705 775 797 ἀκροκνεφές.
849 708 1063 777 ἐνίοτε
1093 709 1166 776 δὲ
1194 711 1306 775 καὶ
1353 702 1552 788 αὐτὸς
1583 715 1772 777 ποίει
1814 707 2011 776 καινὰ
2039 710 2151 774 καὶ
2197 701 2397 773 ἀλλό-

229 840 397 881 κοτα
456 806 758 896 ὀνόματα
813 814 926 879 καὶ
984 815 1345 894 νομοθέτει
1386 810 1505 878 τὸν
1561 813 1681 896 μὲν
1737 810 2135 902 ἑρμηνεῦσαι
2180 807 2397 876 δεινὸν

234 911 489 992 εὔλεξιν
545 915 802 993 καλεῖν,
859 912 978 981 τὸν
1036 911 1305 980 συνετὸν
1354 913 1720 1002 σοφόνουν,
1781 910 1897 980 τὸν
1956 906 2280 1001 ὀρχηστὴν
2327 909 2399 976 δὲ

225 1015 657 1103 χειρόσοφον.
734 1005 814 1082 ἀν
847 1018 1226 1104 σολοικίσῃς
1270 1016 1342 1082 δὲ
1373 1005 1414 1100 ἢ
1442 1020 1875 1102 βαρβαρίσῃς,
1923 1016 1991 1080 ἓν
2023 1012 2194 1080 ἔστω
2226 1012 2402 1098 φάρῆ

145 1137 209 1187 19
231 1144 452 1203 μακον
502 1114 542 1205 ἦ
602 1111 1061 1201 ἀναισχυντία,
1131 1121 1245 1184 καὶ
1305 1116 1660 1204 πρόχειρον
1718 1111 1925 1194 εὐθὺς
1978 1112 2191 1200 ὄνομα
2250 1109 2403 1182 οὔτε

234 1216 435 1299 ὄντος
477 1218 658 1298 τινὸς
703 1216 856 1287 οὔτε
897 1226 1249 1307 γενομένου
1294 1220 1467 1287 ποτὲ
1525 1223 1811 1309 ποιητοῦ
1863 1209 1905 1307 ἢ
1951 1222 2401 1306 συγγραφέως,

233 1322 316 1401 ὃς
363 1314 537 1388 οὕτω
595 1325 807 1408 λέγειν
865 1321 1209 1406 ἐδοκίμαζε
1256 1320 1473 1411 σοφὸς
1521 1316 1684 1411 ἀνὴρ
1741 1324 1852 1389 καὶ
1896 1320 2017 1409 τὴν
2061 1317 2292 1410 φωνὴν
2337 1318 2403 1398 ἐς

230 1423 312 1494 τὸ
364 1423 731 1509 ἀκρότατον
777 1417 1347 1511 ἀπηκριβωμένος.
1440 1419 1609 1490 ἀλλὰ
1667 1426 1779 1490 καὶ
1827 1418 2274 1509 ἀναγίγνωσκε
2318 1420 2404 1488 τὰ

231 1526 504 1594 παλαιὰ
548 1528 670 1610 μὲν
712 1524 805 1611 μὴ
857 1525 936 1592 σύ
980 1550 1071 1612 γε,
1116 1527 1284 1616 μηδὲ
1332 1527 1399 1593 εἴ
1439 1553 1507 1594 τι
1551 1522 1587 1593 ὅ
1637 1528 1836 1614 λῆρος
1857 1520 2233 1614 Ἰσοκράτης
2275 1514 2317 1610 ἢ
2363 1521 2398 1591 o‘

228 1635 530 1714 χαρίτων
577 1623 856 1713 ἄμοιρος
898 1632 1347 1717 Δημοσθένης
1390 1619 1431 1717 ἢ
1478 1625 1512 1695 0‘
1564 1629 1819 1714 ψυχρὸς
1862 1627 2182 1709 Πλάτων,
2232 1620 2403 1692 ἀλλὰ

232 1730 394 1808 τοὺς
451 1734 581 1797 τῶν
638 1723 865 1816 ὀλίγον
927 1729 1060 1818 πρὸ
1123 1727 1309 1820 ἡμῶν
1355 1730 1592 1818 λόγους
1647 1732 1758 1797 καὶ
1816 1722 1896 1808 ἷίς
1940 1751 2113 1816 φασι
2156 1727 2406 1806 ταύτας

236 1837 553 1918 μελέτας,
612 1829 702 1911 ὥς
761 1833 908 1921 ἔχῃς
967 1827 1095 1899 ἀπ’
1161 1832 1427 1900 ἐκείνων
1489 1831 2036 1916 ἐπισιτισάμενος
2080 1831 2148 1899 ἐν
2191 1834 2404 1919 καιρῷ

240 1935 800 2024 καταχρήσασθαι
827 1934 1143 2023 καθάπερ
1187 1934 1256 2002 ἐκ
1285 1941 1592 2021 ταμιείου
1638 1939 2003 2022 προαιρῶν.
2082 1940 2179 2003 18.
2213 1934 2401 2003 έπει-
2435 1945 2507 2000 18

251 2037 369 2104 δᾶν
414 2038 486 2104 δὲ
530 2042 642 2105 καὶ
690 2038 802 2125 δέῃ
864 2039 1069 2124 λέγειν
1113 2041 1227 2105 καὶ
1273 2040 1338 2107 οἱ
1383 2041 1716 2126 παρόντες
1772 2034 2173 2124 ὑποβάλωσί
2213 2063 2405 2116 τινας

247 2136 616 2218 ὗποθέσεις
659 2143 770 2207 καὶ
830 2138 1145 2229 ἀφορμὰς
1187 2144 1320 2208 τῶν
1375 2141 1620 2228 λόγων,
1682 2133 1953 2208 ἅπαντα
2009 2143 2132 2226 μὲν
2176 2138 2406 2209 ὅπόσα

242 2231 329 2309 ’ἀν
390 2227 436 2332 ᾖ
507 2242 818 2331 δυσχερῆ,
892 2248 1219 2330 ψεγέσθω
1285 2245 1398 2310 καὶ
1463 2242 1973 2333 ἐκφαυλιζέσθω
2047 2239 2140 2322 ὥς
2215 2236 2407 2311 οὐδὲν

160 2338 419 2424 2οόλως
466 2339 799 2431 ἀνδρῶδες
846 2339 1060 2412 αυτῶν
1107 2344 1518 2433 [ελομένων]·
1567 2345 1893 2432 ἑλομένων
1940 2347 2012 2413 δὲ
2053 2348 2327 2435 μηδέν’
2308 2346 2409 2415 ε’τι

231 2447 573 2533 μελλήσας
619 2450 764 2533 λέγε
809 2439 954 2515 όττι
982 2473 1091 2514 κεν
1138 2441 1252 2513 επ’
1306 2449 1668 2535 ἀκαιρίμαν
1698 2451 1997 2536 γλῶτταν
2044 2450 2235 2569 έλθῃ,
2279 2477 2407 2538 μη-

238 2551 358 2616 δὲν
405 2548 666 2616 εκείνων
715 2549 1187 2638 επιμεληθείς,
1240 2576 1332 2628 ως
1375 2548 1452 2618 τὸ
1502 2554 1808 2672 πρῶτον.
1856 2544 2087 2638 ὥσπερ
2137 2577 2251 2619 ουν
2296 2554 2410 2619 καὶ

236 2654 394 2721 έστι
435 2655 733 2739 πρῶτον,
782 2650 952 2738 ἐρεῖς
997 2651 1066 2718 ἐν
1110 2656 1323 2740 καιρῶ
1366 2652 1775 2740 προσήκοντι
1819 2655 1933 2719 καὶ
1975 2651 2050 2718 τὸ
2103 2654 2407 2739 δεύτερον

236 2753 411 2841 μετὰ
459 2759 653 2822 τοῦτο
697 2757 810 2821 καὶ
868 2753 942 2821 τὸ
1003 2759 1230 2840 τρίτον
1289 2749 1440 2838 μετ’
1494 2754 1734 2837 εκεῖνο,
1797 2747 1968 2820 ἀλλὰ
2012 2753 2088 2821 τὸ
2141 2761 2410 2839 πρῶτον

242 2857 541 2942 ἐμπεσὸν
599 2859 869 2940 πρῶτον
928 2857 1262 2943 λεγέσθω,
1320 2860 1454 2925 καὶ-
1488 2847 1569 2945 ἢν
1627 2849 1800 2922 οὕτω
1858 2853 2047 2942 τύχῃ,
2110 2857 2272 2941 περὶ
2314 2859 2411 2942 τῷ

240 2957 540 3046 μετώπῳ
584 2959 704 3042 μὲν
748 2954 788 3047 ἦ
833 2965 1091 3048 κνημίς,
1140 2962 1297 3047 περὶ
1342 2962 1427 3048 τῇ
1469 2960 1677 3049 κνήμῃ
1726 2960 1798 3026 δὲ
1841 2955 1880 3048 ἦ
1928 2959 2143 3045 κόρυς.
2236 2955 2412 3047 πλὴν

244 3055 398 3129 ἀλλ’
464 3062 691 3147 ἐ’πειγε
732 3063 846 3127 καὶ
892 3060 1150 3148 σύνειρε
1193 3064 1304 3129 καὶ
1360 3060 1451 3150 μὴ
1500 3062 1730 3130 σιώπα
1772 3062 1998 3147 μόνον.
2085 3051 2208 3130 κάν
2251 3063 2412 3147 περὶ

242 3160 567 3251 ὑβριστοῦ
608 3188 790 3241 τινος
832 3153 903 3250 ἢ
918 3168 1155 3248 μοιχοῦ
1187 3167 1378 3253 λέγῃς
1402 3159 1755 3254 Ἀθήνησι,
1801 3165 1885 3232 τὰ
1932 3165 2003 3233 ἐν
2026 3158 2259 3244 Ἰνδοῖς
2301 3167 2412 3232 καὶ

235 3260 664 3352 Ἐκβατάνοις
721 3265 1044 3350 λεγέσθω.
1135 3266 1251 3334 ἐπὶ
1310 3271 1487 3334 πᾶσι
1546 3267 1618 3334 δὲ
1676 3264 1711 3333 ὃ
1760 3266 2128 3355 Μαραθῶν
2196 3270 2306 3333 καὶ
2374 3263 2409 3332 ὃ

244 3375 703 3454 Κυναίγειρος,
751 3361 843 3434 ῶν
891 3360 1006 3433 ούκ
1050 3362 1133 3433 ἀν
1163 3394 1231 3435 τι
1276 3363 1431 3435 ἄνευ
1466 3375 1746 3456 γένοιτο.
1819 3373 1930 3438 καὶ
1965 3363 2072 3436 ἀεὶ
2118 3364 2153 3435 ὅ
2177 3364 2416 3446 ’Ἀθως

245 3474 568 3538 πλείσθω
611 3470 724 3534 καὶ
768 3464 803 3535 ,ὅ
838 3464 1321 3554 Ἑλλήσποντος
1366 3470 1757 3550 πεζευέσθω
1803 3477 1915 3539 καὶ
1961 3467 1997 3536 ὅ
2043 3462 2233 3560 ἥλιος
2275 3464 2409 3535 ὕπὸ

245 3577 384 3640 τῶν
428 3571 758 3660 Μηδικῶν
813 3571 1026 3654 βελῶν
1082 3576 1452 3637 σκεπέσθω
1495 3577 1607 3641 καὶ
1632 3565 1902 3661 ’Ξέρξης
1960 3576 2258 3660 φευγέτω
2302 3575 2414 3649 καὶ

242 3672 280 3743 o‘
343 3673 705 3750 Λεωνίδας
768 3673 1232 3756 θαυμαζέσθω
1296 3677 1410 3741 καὶ
1475 3673 1558 3741 τὰ
1619 3672 1995 3759 Ὀθρυάδου
2057 3673 2416 3760 γράμματα

247 3772 837 3863 ἀναγινωσκέσθω,
883 3780 997 3843 καὶ
1040 3772 1078 3863 ἦ
1113 3778 1416 3860 Σαλαμὶς
1461 3778 1572 3843 καὶ
1615 3773 1691 3842 τὸ
1719 3769 2142 3861 Ἀρτεμίσιον
2184 3779 2297 3843 καὶ
2344 3778 2417 3844 αἱ

249 3879 603 3946 Πλαταιαὶ
646 3874 870 3943 πολλὰ
909 3882 1121 3946 ταῦτα
1150 3881 1262 3946 καὶ
1292 3875 1531 3956 πυκνά,
1572 3877 1688 3943 καὶ
1719 3875 1838 3944 ἐπὶ
1869 3881 2045 3945 πᾶσι
2088 3877 2172 3945 τὰ
2220 3872 2416 3967 ὀλίγα

171 3998 233 4049 21
258 3980 476 4048 ἐκεῖνα
519 3977 817 4063 ὀνόματα
862 3978 1332 4062 ἐπιπολαζέτω
1377 3982 1490 4047 καὶ
1534 3978 1952 4063 ἐπανθείτω,
1997 3983 2110 4048 καὶ
2158 3982 2417 4064 συνεχὲς

250 4081 331 4150 τὸ
380 4077 551 4149 ἅττα
606 4083 719 4148 καὶ
763 4079 837 4147 τὸ
888 4082 1264 4170 δήπουθεν,
1321 4072 1444 4150 κάν
1498 4082 1703 4171 μηδὲν
1759 4076 1976 4150 αὐτῶν
2039 4083 2187 4170 δέῃ·
2251 4082 2418 4149 καλὰ

357 4192 529 4236 Lucian
554 4193 636 4236 111.
2077 4188 2108 4237 6
