2867 4525
361 311 440 369 92
1265 312 1639 367 ΛΟΥΚΙΑΝΟΥ

361 481 574 567 πυρὸς
620 482 952 561 διεξιόντα
1007 483 1120 547 καὶ
1167 483 1370 567 σχολῇ
1416 484 1529 548 καὶ
1584 481 1829 567 βάδην,·
1883 481 1975 546 Σὺ
2029 482 2267 559 ταῦτα,
2325 462 2406 565 ἦν
2451 473 2511 545 δ’

363 577 518 670 ἐγώ,
575 580 776 670 εἶδες,
834 583 952 650 τὸν
990 579 1427 667 Ὑπερβόρεον
1476 577 1686 670 ἄνδρα
1737 573 2109 666 πετόμενον
2154 570 2195 668 ἢ
2241 574 2356 646 ἐπὶ
2402 583 2521 646 τοῦ

363 681 607 763 ύδατος
658 685 987 773 βεβηκότα
1003 715 1026 769 ,·
1081 686 1215 751 Καὶ
1271 685 1483 770 μάλα,
1546 672 1587 773 ἦ
1636 679 1696 750 δ’
1749 678 1854 765 ὅς,
1913 679 2401 765 ὑποδεδεμένον
2444 706 2517 767 γε
2538 699 2597 747 41

362 793 784 874 καρβατίνας,
834 787 946 854 οἶα
988 786 1283 872 μάλσιτα
1316 781 1555 855 ἐκεῖνοι
1600 784 2029 853 ὑποδοῦνται.
2102 783 2188 850 τὰ
2232 785 2351 868 μὲν
2396 783 2523 870 γὰρ

367 888 613 977 σμικρὰ
657 894 870 956 ταῦτα
912 896 984 956 τί
1021 888 1143 977 χρὴ
1187 891 1300 957 καὶ
1347 890 1578 975 λέγειν,
1626 882 1755 956 ὅσα
1798 883 2225 956 ἐπεδείκνυτο
2273 886 2527 973 ἔρωτας

369 988 779 1077 ἐπιπέμπων
822 997 935 1059 καὶ
969 992 1292 1076 δαίμονας
1322 988 1586 1078 ἀνάγων
1616 994 1729 1058 καὶ
1760 988 2026 1077 νεκρούς
2069 984 2320 1066 ἑώλους
2364 982 2526 1054 ἀνα-

366 1097 586 1161 καλῶν
641 1097 752 1161 καὶ
808 1093 929 1182 τὴν
968 1090 1233 1181 Ἑκάτην
1292 1090 1494 1183 αὐτὴν
1551 1090 1794 1181 ἐναργῆ
1847 1090 2187 1179 παριστὰς
2243 1093 2353 1157 καὶ
2408 1088 2526 1179 τὴν

263 1204 338 1258 14
371 1196 659 1286 Σελήνην
696 1201 1097 1280 κατασπῶν,
1145 1204 1243 1263 14.
1278 1194 1400 1283 ἐγὼ
1447 1200 1604 1282 γοῦν
1644 1195 2045 1285 διηγήσομαι
2087 1189 2242 1278 ῦμῖν
2276 1192 2317 1260 ἃ
2350 1189 2529 1260 εἶδον

368 1298 690 1385 γενόμενα
746 1294 869 1364 ὕπ’
933 1293 1134 1366 αὐτοῦ
1180 1293 1248 1365 ἐν
1295 1300 1623 1365 Γλαυκίου
1679 1302 1801 1365 τοῦ
1836 1291 2315 1374 Ἀλεξικλέους·
2377 1291 2530 1380 ἄρτι

369 1400 495 1488 γὰρ
542 1397 576 1467 o‘
614 1401 943 1479 Γλαυκίας
987 1402 1106 1467 τοῦ
1149 1399 1411 1487 πατρὸς
1444 1396 1921 1477 ἀποθανόντος
1949 1397 2366 1484 παραλαβών
2409 1397 2531 1485 τὴν

374 1497 610 1572 οὐσίαν
656 1500 927 1591 ἠράσθη
973 1503 1314 1590 Χρυσίδος
1356 1507 1475 1592 τῆς
1508 1507 1933 1592 Δημαινέτου
1976 1499 2336 1587 θυγατρός,
2384 1493 2532 1583 ἐμοὶ

377 1606 450 1673 δὲ
508 1605 890 1693 διδασκάλῳ
950 1600 1181 1695 ἐχρῆτο
1227 1605 1402 1692 πρὸς
1447 1605 1604 1683 τοὺς
1660 1605 1923 1692 λόγους,
1977 1608 2088 1671 καὶ
2136 1604 2201 1670 εἴ
2238 1628 2312 1689 γε
2355 1600 2443 1689 μὴ
2491 1597 2526 1668 ὃ

373 1708 542 1795 ἔρως
587 1702 837 1786 ἐκεῖνος
883 1701 1352 1797 ἀπησχόλησεν
1401 1701 1620 1791 αὗτόν,
1670 1702 1940 1774 άπαντα
1986 1697 2068 1773 ἀν
2113 1701 2237 1795 ἤδη
2282 1704 2367 1770 τά
2412 1707 2534 1769 τοῦ

375 1810 772 1896 Περιπάτου
817 1805 1181 1896 ἠπίστατο,
1229 1809 1304 1888 ὃς
1347 1812 1461 1876 καὶ
1517 1807 2118 1897 ὀκτωκαιδεκαέτης
2163 1798 2256 1874 ὢν
2303 1801 2534 1873 ἀνέλυε

375 1916 488 1980 καὶ
519 1911 640 1997 τὴν
671 1914 955 2001 φυσικὴν
988 1906 1308 1997 ἀκρόασιν
1337 1911 1780 2000 μετεληλύθει
1818 1905 1890 1989 ἐς
1918 1913 2136 1989 τέλος·
2183 1907 2535 1999 ἀμηχανῶν

380 2015 453 2081 δὲ
484 2006 666 2098 ὅμως
694 2018 790 2100 τῷ
820 2014 1019 2098 ἔρωτι
1048 2014 1283 2102 μηνύει
1322 2039 1444 2098 μοι
1472 2013 1548 2080 τὸ
1582 2018 1741 2080 πᾶν.
1818 2006 1945 2098 ἐγώ
1981 2013 2054 2078 δὲ
2084 2004 2315 2098 ὥσπερ
2362 2011 2537 2089 εἰκὸς

377 2103 458 2201 ἦν
505 2115 904 2183 διδάσκαλον
964 2112 1158 2197 ὄντα,
1211 2115 1328 2182 τὸν
1364 2112 1799 2201 Ὑπερβόρεον
1840 2110 2087 2183 ἐκεῖνον
2130 2113 2344 2200 μάγον
2395 2107 2537 2198 ἄγω

381 2217 555 2307 πρὸς
600 2212 801 2286 αὗτὸν
848 2216 966 2286 ἐπὶ
1012 2227 1208 2302 μναῖς
1241 2222 1557 2303 τέτταρσι
1586 2218 1706 2302 μὲν
1750 2215 1825 2285 τὸ
1873 2223 2257 2305 παραυτίκα
2286 2255 2371 2267 -
2401 2216 2540 2284 ἔδει·

379 2321 507 2409 γὰρ
550 2322 955 2407 προτελέσαι
997 2346 1066 2386 τι
1108 2319 1283 2406 πρός
1339 2319 1462 2398 τὰς
1504 2326 1756 2398 θυσίας
1800 2360 1883 2368 -
1928 2320 2269 2387 ἑκκαίδεκα
2316 2320 2418 2399 δέ,
2480 2318 2541 2384 εἰ

381 2422 568 2505 τύχοι
609 2426 727 2511 τῆς
756 2424 1119 2507 Χρυσίδος.
1195 2418 1230 2486 o‘
1266 2422 1336 2488 δὲ
1370 2416 1734 2512 αὐξομένην
1779 2429 2071 2512 τηρήσας
2099 2422 2219 2511 τὴν
2266 2416 2541 2511 σελήνην

383 2565 467 2574 -
511 2521 664 2593 τότε
705 2524 831 2611 γὰρ
876 2525 968 2602 ὡς
1014 2522 1128 2591 ἐπὶ
1173 2522 1248 2590 τὸ
1312 2523 1487 2590 πολὺ
1533 2524 1619 2590 τὰ
1662 2528 1942 2591 τοιαῦτα
1984 2527 2544 2609 τελεσιουργεῖται

382 2666 464 2677 —-
498 2627 760 2713 βόθρον
803 2652 876 2693 τε
920 2620 1324 2711 ὀρυξάμενος
1369 2624 1437 2692 ἐν
1485 2626 1739 2713 αἰθρίῳ
1783 2630 1916 2694 τινὶ
1960 2631 2077 2715 τῆς
2122 2626 2336 2703 οἰκίας
2380 2630 2618 2710 περὶ42

382 2735 593 2815 μέσας
639 2730 874 2807 νύκτας
920 2727 1308 2795 ἀνεκάλεσεν
1338 2724 1497 2815 ἡμῖν
1542 2734 1812 2817 πρῶτον
1850 2729 1971 2814 μὲν
2014 2727 2134 2795 τὸν
2158 2722 2540 2805 Ἀλεξικλέα

381 2832 501 2901 τὸν
565 2838 830 2919 πατέρα
886 2835 1005 2897 τοῦ
1064 2834 1392 2898 Γλαυκίου
1452 2831 1585 2916 πρὸ
1653 2830 1826 2898 ἑπτὰ
1894 2835 2118 2918 μηνῶν
2170 2833 2540 2897 τεθνεῶτα·

382 2934 736 3024 ἠγανάκτει
783 2934 855 3001 δὲ
900 2931 934 3001 ὃ
982 2937 1189 3019 γέρων
1236 2928 1352 3001 ἐπὶ
1397 2938 1497 3020 τῴ
1543 2934 1743 3018 ἔρωτι
1784 2936 1897 3000 καὶ
1927 2928 2259 3020 ὠργίζετο,
2305 2931 2389 2997 τὰ
2433 2955 2539 2997 τε·

386 3037 777 3105 λευταῑαιδὲ
823 3035 1005 3120 ὅμως
1036 3029 1276 3122 ἐφῆκεν
1322 3029 1505 3122 αὐτῷ
1550 3029 1725 3121 ἐρᾶν.
1800 3036 1970 3118 μετὰ
2012 3038 2084 3103 δὲ
2129 3035 2248 3121 τὴν
2272 3032 2542 3122 Ἑκάτην

386 3164 460 3205 τε
515 3134 836 3226 ἀνήγαγεν
895 3133 1307 3224 ἐπαγομένην
1361 3136 1478 3204 τὸν
1532 3143 1882 3224 Κέρβερον,
1925 3143 2035 3205 καὶ
2092 3137 2213 3226 τὴν
2256 3135 2543 3225 Σελήνην

386 3243 772 3306 κατέσπασε
822 3234 1263 3325 πολύμορφόν
1320 3267 1390 3307 τι
1431 3245 1664 3324 θέαμα
1717 3244 1829 3307 καὶ
1878 3235 2117 3306 ἄλλοτε
2163 3234 2434 3306 ἀλλοῖόν
2478 3265 2547 3306 τι

389 3339 914 3430 φανταζόμενον·
952 3341 1027 3408 τὸ
1061 3343 1182 3425 μὲν
1212 3342 1336 3429 γὰρ
1368 3346 1638 3428 πρῶτον
1667 3348 2045 3428 γυναικείαν
2074 3340 2342 3430 μορφὴν
2388 3335 2546 3407 ἐπε-

390 3446 720 3519 δείκνυτο,
768 3438 910 3509 εἶτα
953 3447 1114 3528 βοῦς
1160 3444 1413 3532 ἐγένετο
1460 3446 1821 3532 πάγκαλος,
1869 3442 2013 3513 εἶτα
2060 3444 2307 3523 σκύλαξ
2348 3443 2547 3533 ἐφαί-

389 3573 556 3614 νετο.
644 3547 834 3624 τέλος
892 3540 952 3612 δ’
1020 3532 1135 3613 οῦν
1188 3543 1224 3614 ὃ
1266 3543 1701 3633 Ὑπερβόρεος
1757 3544 1826 3614 ἐκ
1882 3550 2101 3638 πηλοῦ
2161 3546 2435 3631 ἐρώτιόν
2478 3573 2546 3613 τι

391 3645 806 3730 ἀναπλάσας,
840 3644 1115 3732 Ἄπιθι,
1164 3649 1313 3739 ἔφη,
1356 3654 1467 3717 καὶ
1500 3646 1618 3736 α’γε
1647 3652 1977 3740 Χρυσίδα.
2051 3654 2161 3718 καὶ
2194 3645 2229 3716 ὃ
2263 3650 2384 3735 μὲν
2413 3676 2548 3738 πη-

393 3751 507 3829 λὸς
552 3751 909 3833 ἐξέπτατο,
969 3754 1082 3818 καὶ
1125 3751 1293 3836 μετὰ
1339 3749 1576 3838 μικρὸν
1621 3752 1694 3819 δὲ
1750 3752 1994 3840 ἐπέστη
2039 3752 2386 3820 κόπτουσα
2427 3749 2547 3839 τὴν

391 3858 612 3936 θύραν
671 3853 878 3941 ἐκείνη
935 3857 1048 3921 καὶ
1116 3853 1525 3920 εἰσελθοῦσα
1589 3854 1983 3941 περιβάλλει
2037 3853 2156 3921 τὸν
2217 3856 2546 3921 Γλαυκίαν

393 3952 485 4033 ὦς
533 3945 612 4022 ἀν
672 3953 1133 4038 ἐμμανέστατα
1194 3956 1412 4042 ἐρῶσα
1455 3958 1569 4023 καὶ
1616 3959 1814 4041 συνῆν
1873 3951 2023 4041 ἄχρι
2068 3956 2146 4044 δὴ
2196 3950 2546 4041 ἀλεκτρυό-

395 4083 525 4126 νων
568 4049 940 4146 ήκούσαμεν
986 4051 1302 4144 ᾀδόντων.
1385 4059 1538 4126 τότε
1584 4059 1662 4147 δὴ
1709 4051 1753 4146 ἥ
1796 4084 1870 4126 τε
1912 4061 2160 4149 Σελήνη
2210 4052 2545 4126 ἀνέπτατο
