2867 4525
389 236 471 295 30
1258 236 1667 299 [ΛΟΥΚΙΑΝΟΥ]

382 412 496 476 καὶ
539 407 669 496 μὴν
715 405 749 476 ὃ
794 408 917 491 μὲν
962 405 1341 491 παράσιτος
1384 403 1548 472 ἑκὼν
1579 400 1780 485 αὐτὸς
1811 406 1928 474 ἐπὶ
1959 406 2232 475 δεῖπνον
2278 406 2540 493 ἔρχεται

383 511 567 596 μάλα
599 511 959 594 ἐπιθυμῶν
1001 512 1118 596 τῆς
1148 513 1394 596 τέχνης,
1441 509 1507 574 οἱ
1547 507 1620 574 δὲ
1650 507 1771 585 τὰς
1804 503 2013 587 ἄλλας
2041 515 2271 593 τέχνας
2297 509 2535 593 μανθά

385 638 608 692 νοντες
629 616 944 697 μισοῦσιν
969 605 1194 691 αὐτάς,
1233 605 1407 676 ὥστε
1429 609 1598 678 ἔνιοι
1623 603 1703 677 δι’
1730 604 1937 689 αὐτὰς
1961 605 2538 697 ἀποδιδράσκουσι

383 723 452 783 τί
484 716 574 798 δέ,
623 709 701 783 οὐ
730 708 992 782 κᾶκεῖνο
1026 714 1337 801 ἐννοῆσαί
1366 735 1442 779 σε
1481 712 1604 794 δεῖ,
1649 706 1757 780 ὅτι
1798 716 1913 781 καὶ
1956 714 2113 792 τούς
2158 713 2224 780 ἐν
2254 713 2538 791 ἐκείναις

380 831 530 896 ταῖς
557 822 818 900 τέχναις
849 814 1358 902 προκόπτοντας
1403 815 1468 882 οἱ
1500 820 1788 901 πατέρες
1828 818 1937 883 καὶ
1969 821 2247 904 μητέρες
2273 815 2539 893 τούτοις

381 923 631 1004 τιμῶσι
681 918 1003 1003 μάλιστα,
1073 916 1176 995 οἶς
1230 910 1391 983 καθ’
1457 912 1708 1005 ἡμέραν
1765 920 1878 984 καὶ
1942 917 2060 985 τὸν
2118 917 2538 1006 παράσιτον,·

381 1024 624 1100 Καλῶς
654 1019 731 1109 νὴ
753 1022 876 1087 Δί’
909 1019 1199 1107 ἔγραψεν
1236 1019 1269 1086 ὁ
1296 1033 1483 1100 παῖς,
1515 1021 1835 1107 λέγοντες,
1870 1020 2022 1088 δότε
2056 1015 2237 1107 αὐτῷ
2268 1032 2534 1109 φαγεῖν·

383 1119 500 1191 οὐκ
529 1123 818 1211 ἔγραψεν
847 1116 1095 1207 ὀρθῶς,
1125 1120 1216 1210 μὴ
1250 1121 1438 1188 διῦτε.
1503 1114 1677 1188 οὐτω
1709 1121 1783 1190 τὸ
1820 1125 2098 1208 πρᾶγμα
2126 1125 2238 1190 καὶ
2269 1122 2535 1206 ἔντιμον

277 1240 350 1295 14
382 1229 495 1294 καὶ
523 1223 591 1292 ἐν
621 1230 911 1312 τιμωρίᾳ
936 1228 1106 1310 μέγα
1137 1230 1472 1312 φαίνεται.
1546 1232 1643 1291 14.
1674 1227 1785 1291 καὶ
1814 1223 1944 1312 μὴν
1978 1226 2050 1291 αἱ
2083 1220 2284 1293 ἄλλαι
2310 1229 2537 1307 τέχναι

377 1327 453 1394 τὸ
500 1320 775 1413 ὕστερον
803 1329 1001 1393 τοῦτο
1033 1325 1257 1408 ἔχουσι
1285 1326 1455 1410 μετὰ
1499 1325 1575 1393 τὸ
1616 1331 1871 1450 μαθεῖν
1899 1329 2011 1394 καὶ
2040 1326 2197 1405 τούς
2238 1325 2535 1414 καρποὺς

376 1424 591 1516 ηδέως
645 1423 1231 1513 ἀπολαμβάνουσι·
1292 1428 1511 1516 πολλὴ
1556 1428 1681 1516 γὰρ
1739 1431 1910 1511 ,,καὶ
1943 1423 2187 1513 ὁρθιος
2232 1424 2423 1512 οἶμος
2469 1426 2536 1505 ἐς

380 1524 655 1609 αὐτός’·
600 1535 655 1566 ·“
697 1527 736 1616 ἢ
787 1532 859 1598 δὲ
888 1529 1296 1618 παρασιτικὴ
1343 1529 1511 1618 μόνη
1542 1534 1674 1597 τῶν
1713 1526 1931 1598 άλλων
1964 1528 2170 1608 εὐθὺς
2203 1524 2535 1597 ἀπολαύει

373 1635 492 1721 τῆς
533 1633 820 1720 τέχνης’
792 1658 858 1701 εν
892 1627 1070 1718 αὐτῷ
1104 1658 1199 1720 τῳ
1232 1633 1630 1717 μανθάνειν,
1673 1636 1784 1700 καὶ
1820 1625 1959 1718 άμα
1989 1658 2063 1700 τε
2108 1629 2379 1718 α’ρχεται
2420 1634 2535 1698 καὶ

376 1733 445 1801 ἐν
487 1738 586 1820 τῷ
630 1737 808 1802 τέλει
839 1735 1039 1803 ἐστίν.
1105 1739 1219 1804 καὶ
1261 1740 1493 1819 μέντοι
1520 1739 1655 1802 τῶν
1692 1732 1911 1803 αλλων
1940 1740 2183 1819 τεχνιῦν
2228 1729 2305 1801 οὐ
2338 1736 2532 1814 τινές,

376 1830 545 1902 ἄλλα
590 1840 815 1904 πᾶσαι
860 1837 975 1904 ἐπὶ
1019 1837 1228 1925 μόνην
1270 1836 1391 1925 τὴν
1420 1836 1681 1957 τροφὴν
1722 1838 2091 1925 γεγόνασιν,
2136 1834 2171 1904 0‘
2208 1837 2280 1904 δὲ
2309 1835 2535 1923 παρά-

376 1959 562 2015 σιτος
606 1931 814 2014 εὐθυς
859 1937 990 2020 ε’χει
1018 1937 1138 2027 τὴν
1167 1937 1424 2027 τροφὴν
1457 1932 1596 2024 άμα
1623 1943 1722 2026 τῷ
1753 1935 2101 2026 ἄρξασθαι
2128 1942 2247 2027 τῆς
2287 1943 2532 2025 τέχνης.
2552 1948 2645 1999 853

373 2029 416 2127 ἢ
462 2033 578 2107 οὐκ
623 2038 871 2117 ἐννοεῖς
913 2033 1023 2108 ότι
1067 2036 1101 2107 ὅ
1148 2041 1269 2124 μὲν
1299 2041 1586 2127 γεωργὸς
1619 2055 1896 2129 γεωργεῖ
1939 2035 2015 2108 οὐ
2060 2045 2179 2108 τοῦ
2221 2053 2532 2128 γεωργεῖν

375 2141 562 2208 ε’νεκα
617 2146 728 2209 καὶ
787 2138 822 2209 ὅ
882 2147 1125 2209 τέκτων
1181 2149 1597 2210 τεκταίνεται
1662 2136 1808 2227 οὐχὶ
1874 2147 1994 2210 τοῦ
2058 2148 2530 2209 τεκταίνεσθαι

375 2242 580 2325 ε’νεκα,
628 2242 663 2312 ὃ
711 2244 784 2311 δὲ
827 2245 1207 2333 παράσιτος
1238 2239 1353 2330 οὐχ
1399 2245 1621 2334 ἕτερον
1665 2251 1786 2331 μέν
1830 2274 1899 2314 τι
1945 2245 2189 2327 διώκει,
2237 2238 2408 2312 αλλα
2450 2242 2526 2311 τὸ

268 2364 339 2420 15
378 2340 536 2413 αὐτὸ
584 2350 698 2414 καὶ
728 2346 919 2434 ἔργον
949 2346 1132 2415 ἐστὶν
1176 2343 1382 2416 αὐτοῦ
1415 2351 1527 2416 καὶ
1574 2344 1650 2417 οὗ
1698 2349 1883 2416 ἕνεκα
1913 2354 2207 2436 γίγνεται
2220 2374 2244 2431 ,·
2294 2353 2387 2413 15.
2417 2348 2528 2412 καὶ

369 2446 500 2538 μὴν
547 2448 757 2517 ἐκεῖνό
796 2475 871 2536 γε
901 2444 1123 2529 οὐδείς
1151 2449 1331 2519 ἐστιν
1361 2451 1554 2530 ὅστις
1583 2445 1700 2518 οὐκ
1732 2450 2112 2531 ἐπίσταται,
2160 2442 2269 2517 ὅτι
2299 2449 2365 2516 οἱ
2410 2449 2531 2531 μὲν

370 2549 492 2629 τὰς
537 2551 783 2630 λοιπὰς
824 2557 1057 2635 τέχνας
1100 2552 1528 2639 ἐργαζόμενοι
1568 2554 1687 2624 τὸν
1729 2555 1850 2638 μὲν
1889 2550 2091 2620 ἄλλον
2128 2551 2369 2640 χρόνον
2413 2576 2533 2617 τα-

372 2654 812 2739 λαιπωροῦσι,
857 2660 1020 2739 μίαν
1052 2644 1198 2744 δὲῆ
1243 2654 1361 2721 δύο
1404 2655 1618 2740 μόνας
1659 2666 1779 2723 τοῦ
1806 2654 2019 2744 μηνὸς
2046 2651 2300 2742 ἡμέρας
2345 2651 2531 2739 ἱερὰς

370 2750 621 2840 ἄγουσι,
666 2759 778 2824 καὶ
827 2757 898 2824 αἱ
943 2757 1181 2835 πόλεις
1227 2758 1299 2824 δὲ
1328 2756 1450 2835 τὰς
1485 2758 1607 2841 μὲν
1652 2756 1742 2826 δι’
1792 2756 2001 2838 ἔτους,
2046 2755 2171 2835 τὰς
2202 2756 2274 2822 δὲ
2319 2753 2531 2843 ἐμμή-

247 2894 259 2904 ·
367 2881 519 2935 νους
561 2856 800 2946 ἑορτὰς
845 2857 1251 2941 ἐπιτελοῦσι,
1296 2863 1407 2927 καὶ
1456 2854 1952 2948 εὐφραίνεσθαι
1997 2862 2304 2945 λέγονται
2344 2855 2527 2923 τότε·

366 2955 401 3026 ὖ
458 2960 531 3026 δὲ
583 2960 964 3045 παράσιτος
1013 2963 1134 3027 τοῦ
1183 2961 1393 3049 μηνὸς
1446 2962 1570 3040 τὰς
1629 2954 1978 3050 τριάκονθ’
2041 2956 2291 3050 ἡμέρας
2346 2955 2530 3043 ἱερὰς

261 3079 334 3132 16
370 3056 543 3147 ἄγει·
591 3064 813 3128 πᾶσαι
854 3061 981 3150 γὰρ
1028 3056 1210 3149 αὐτῷ
1253 3064 1561 3131 δοκοῦσιν
1607 3060 1782 3130 εἶναι
1822 3066 1957 3130 τῶν
2000 3066 2202 3129 θεῶν.
2284 3067 2381 3129 16.
2428 3059 2530 3127 ἔτι

366 3163 432 3229 οἱ
461 3162 583 3247 μὲν
610 3162 1008 3249 βουλόμενοι
1033 3164 1158 3244 τὰς
1188 3162 1395 3243 ἄλλας
1421 3170 1655 3248 τέχνας
1674 3168 2055 3252 κατορθοῦν
2086 3160 2529 3250 ὀλιγοσιτίαις

361 3268 475 3333 καὶ
491 3257 963 3351 ὀλιγοποσίαις
971 3270 1264 3354 χρῶνται
1283 3271 1605 3353 καθάπερ
1625 3270 1693 3336 οἱ
1716 3272 2084 3349 νοσοῦντες,
2096 3267 2531 3342 πολυσιτίαις

366 3367 439 3434 δὲ
477 3370 591 3434 καὶ
627 3369 1086 3447 πολυποσίαις
1130 3363 1247 3436 οὐκ
1295 3369 1478 3437 ἔστιν
1526 3368 2091 3460 εὐφραινομένους
2127 3366 2525 3453 μανθάνειν.

262 3484 328 3538 17
369 3477 468 3536 17.
512 3473 624 3538 καὶ
674 3471 745 3537 αἱ
785 3471 907 3555 μὲν
955 3466 1155 3539 ἄλλαι
1199 3475 1424 3555 τέχναι
1478 3475 1683 3559 χωρὶς
1728 3466 2026 3561 ὀργάνων
2074 3464 2386 3555 οὐδαμῶς
2429 3472 2528 3555 τῷ

361 3577 732 3660 κεκτημένῳ
776 3569 1131 3662 ὗπηρετεῑν
1177 3573 1523 3641 δύνανται·
1570 3569 1724 3641 οὔτε
1752 3573 1879 3661 γὰρ
1928 3566 2152 3641 αὐλεῖν
2183 3572 2283 3641 ἔνι
2322 3575 2529 3659 χωρὶς

365 3667 586 3740 αὐλῶν
617 3669 769 3741 οὔτε
799 3674 1088 3761 ψάλλειν
1120 3670 1274 3742 ἅνευ
1308 3675 1510 3763 λύρας
1548 3673 1701 3743 οὕτε
1733 3676 2050 3743 ἱππεύειν
2083 3670 2237 3741 ἄνευ
2266 3675 2524 3741 ἵππου·

365 3771 528 3862 αὐτη
585 3774 657 3841 δὲ
715 3769 925 3854 οὕτως
978 3776 1159 3845 ἐστὶν
1213 3770 1441 3866 ἇγαθὴ
1492 3779 1606 3845 καὶ
1658 3774 1736 3844 οὐ
1800 3784 2042 3863 βαρεῖα
2093 3780 2191 3863 τῷ
2241 3782 2634 3863 τεχνίτῃ,854

362 3871 536 3945 ὥστε
578 3872 863 3962 ὑπάρχει
906 3881 1021 3945 καὶ
1062 3882 1161 3966 τῷ
1202 3880 1409 3967 μηδὲν
1465 3879 1681 3963 ἔχοντι
1731 3872 1946 3946 ὅπλον
1984 3882 2288 3966 χρῆσθαι
2333 3872 2521 3965 αὐτῇ.

258 3993 329 4049 18
370 3988 469 4051 18.
513 3981 625 4046 καὶ
670 3974 762 4057 ὥς
793 3979 1004 4049 ἔοικεν
1036 3976 1244 4059 ἄλλας
1283 3987 1515 4065 τέχνας
1542 3981 1979 4067 μανθάνομεν
2006 3979 2266 4065 μισθὸν
2298 3979 2523 4048 διδόν-
