<?xml version="1.0" encoding="UTF-8"?>
<!DOCTYPE html PUBLIC "-//W3C//DTD XHTML 1.0 Transitional//EN"
    "http://www.w3.org/TR/xhtml1/DTD/xhtml1-transitional.dtd">
<html xmlns="http://www.w3.org/1999/xhtml" xml:lang="en" lang="en">
 <head>
  <title>
</title>
<meta http-equiv="Content-Type" content="text/html;charset=utf-8" />
  <meta name='ocr-system' content='tesseract 3.04.00' />
  <meta name='ocr-capabilities' content='ocr_page ocr_carea ocr_par ocr_line ocrx_word'/>
</head>
<body>
  <div class='ocr_page' id='page_1' title='image "./lucianus02sommgoog/lucianus02sommgoog_0023.png"; bbox 0 0 2867 4525; ppageno 0'>
   <div class='ocr_carea' id='block_1_1' title="bbox 887 272 2362 328">
    <p class='ocr_par' dir='ltr' id='par_1_1' title="bbox 887 272 2362 328">
     <span class='ocr_line' id='line_1_1' title="bbox 887 272 2362 328; baseline 0.002 -3"><span class='ocrx_word' id='word_1_1' title='bbox 887 273 990 325; x_wconf 83' lang='grc' dir='ltr'><strong><em>ΔΙΣ</em></strong></span> <span class='ocrx_word' id='word_1_2' title='bbox 1027 273 1663 328; x_wconf 82' lang='grc' dir='ltr'><strong><em>ΚΑΤΗΓΟΡΟΥΜΕΝΟΣ.</em></strong></span> <span class='ocrx_word' id='word_1_3' title='bbox 2326 272 2362 328; x_wconf 83' lang='lat'>5</span> 
     </span>
    </p>
   </div>
   <div class='ocr_carea' id='block_1_2' title="bbox 105 431 2434 4109">
    <p class='ocr_par' dir='ltr' id='par_1_2' title="bbox 192 431 2434 1236">
     <span class='ocr_line' id='line_1_2' title="bbox 376 431 2434 532; baseline -0.001 -24"><span class='ocrx_word' id='word_1_4' title='bbox 376 449 434 508; x_wconf 89' lang='lat'><strong><em>7.</em></strong></span> <span class='ocrx_word' id='word_1_5' title='bbox 481 448 666 508; x_wconf 88' lang='grc' dir='ltr'><strong><em>ΔΙΚ.</em></strong></span> <span class='ocrx_word' id='word_1_6' title='bbox 713 445 851 509; x_wconf 88' lang='grc' dir='ltr'><strong><em>Καὶ</em></strong></span> <span class='ocrx_word' id='word_1_7' title='bbox 894 441 1026 532; x_wconf 86' lang='grc' dir='ltr'><strong><em>μὴν</em></strong></span> <span class='ocrx_word' id='word_1_8' title='bbox 1074 436 1262 511; x_wconf 83' lang='grc' dir='ltr'><strong><em>οὗτοί</em></strong></span> <span class='ocrx_word' id='word_1_9' title='bbox 1290 469 1393 527; x_wconf 90' lang='grc' dir='ltr'><strong><em>με,</em></strong></span> <span class='ocrx_word' id='word_1_10' title='bbox 1441 431 1495 510; x_wconf 75' lang='grc' dir='ltr'><em>ὦ</em></span> <span class='ocrx_word' id='word_1_11' title='bbox 1527 447 1680 526; x_wconf 95' lang='grc' dir='ltr'><strong><em>Ζεῦ,</em></strong></span> <span class='ocrx_word' id='word_1_12' title='bbox 1728 444 2147 511; x_wconf 88' lang='grc' dir='ltr'><strong><em>δεδίττονται</em></strong></span> <span class='ocrx_word' id='word_1_13' title='bbox 2191 440 2366 528; x_wconf 84' lang='grc' dir='ltr'><strong><em>πρὸς</em></strong></span> <span class='ocrx_word' id='word_1_14' title='bbox 2403 451 2434 506; x_wconf 82' lang='grc'><strong>7</strong></span> 
     </span>
     <span class='ocr_line' id='line_1_3' title="bbox 192 538 2374 632; baseline 0.002 -24"><span class='ocrx_word' id='word_1_15' title='bbox 192 538 531 629; x_wconf 77' lang='grc' dir='ltr'><em>ἀλλήλους</em></span> <span class='ocrx_word' id='word_1_16' title='bbox 576 543 901 629; x_wconf 76' lang='grc' dir='ltr'><strong><em>ἐρίζοντες</em></strong></span> <span class='ocrx_word' id='word_1_17' title='bbox 942 550 1055 613; x_wconf 89' lang='grc' dir='ltr'><strong><em>καὶ</em></strong></span> <span class='ocrx_word' id='word_1_18' title='bbox 1102 541 1639 632; x_wconf 74' lang='grc' dir='ltr'><strong><em>ἀγνωμονοῦντες</em></strong></span> <span class='ocrx_word' id='word_1_19' title='bbox 1684 547 1756 614; x_wconf 84' lang='grc' dir='ltr'><strong><em>ἐν</em></strong></span> <span class='ocrx_word' id='word_1_20' title='bbox 1802 542 2029 624; x_wconf 76' lang='grc' dir='ltr'><strong><em>αὐτοῖς</em></strong></span> <span class='ocrx_word' id='word_1_21' title='bbox 2074 544 2175 624; x_wconf 84' lang='grc' dir='ltr'><strong><em>οῖς</em></strong></span> <span class='ocrx_word' id='word_1_22' title='bbox 2205 548 2374 631; x_wconf 66' lang='grc' dir='ltr'><strong><em>περὶ,</em></strong></span> 
     </span>
     <span class='ocr_line' id='line_1_4' title="bbox 193 640 2364 735; baseline 0.001 -23"><span class='ocrx_word' id='word_1_23' title='bbox 193 646 367 730; x_wconf 90' lang='grc' dir='ltr'><strong><em>ἐμοῦ</em></strong></span> <span class='ocrx_word' id='word_1_24' title='bbox 424 646 892 732; x_wconf 81' lang='grc' dir='ltr'><strong><em>διεξέρχονται.</em></strong></span> <span class='ocrx_word' id='word_1_25' title='bbox 991 652 1163 735; x_wconf 85' lang='grc' dir='ltr'><strong><em>φασὶ</em></strong></span> <span class='ocrx_word' id='word_1_26' title='bbox 1219 648 1292 715; x_wconf 81' lang='grc' dir='ltr'><strong><em>δὲ</em></strong></span> <span class='ocrx_word' id='word_1_27' title='bbox 1342 652 1457 716; x_wconf 82' lang='grc' dir='ltr'><strong><em>καὶ</em></strong></span> <span class='ocrx_word' id='word_1_28' title='bbox 1513 648 1670 728; x_wconf 83' lang='grc' dir='ltr'><strong><em>τούς</em></strong></span> <span class='ocrx_word' id='word_1_29' title='bbox 1723 650 2087 726; x_wconf 83' lang='grc' dir='ltr'><strong><em>πλείστους</em></strong></span> <span class='ocrx_word' id='word_1_30' title='bbox 2147 640 2364 714; x_wconf 77' lang='grc' dir='ltr'><strong><em>αὐτῶν</em></strong></span> 
     </span>
     <span class='ocr_line' id='line_1_5' title="bbox 193 748 2362 837; baseline 0 -22"><span class='ocrx_word' id='word_1_31' title='bbox 193 749 270 815; x_wconf 88' lang='grc' dir='ltr'><strong><em>ἐν</em></strong></span> <span class='ocrx_word' id='word_1_32' title='bbox 314 750 437 833; x_wconf 83' lang='grc' dir='ltr'><strong><em>μὲν</em></strong></span> <span class='ocrx_word' id='word_1_33' title='bbox 480 763 625 826; x_wconf 88' lang='grc' dir='ltr'><strong><em>τοῖς</em></strong></span> <span class='ocrx_word' id='word_1_34' title='bbox 657 748 882 837; x_wconf 81' lang='grc' dir='ltr'><strong><em>λόγοις</em></strong></span> <span class='ocrx_word' id='word_1_35' title='bbox 910 755 1463 836; x_wconf 84' lang='grc' dir='ltr'><strong><em>προσποιεῖσθαί</em></strong></span> <span class='ocrx_word' id='word_1_36' title='bbox 1488 776 1593 836; x_wconf 90' lang='grc' dir='ltr'><strong><em>με,</em></strong></span> <span class='ocrx_word' id='word_1_37' title='bbox 1640 750 1757 818; x_wconf 89' lang='grc' dir='ltr'><strong><em>ἐπὶ</em></strong></span> <span class='ocrx_word' id='word_1_38' title='bbox 1789 751 1861 817; x_wconf 83' lang='grc' dir='ltr'><strong><em>δὲ</em></strong></span> <span class='ocrx_word' id='word_1_39' title='bbox 1890 753 2025 817; x_wconf 91' lang='grc' dir='ltr'><strong><em>τῶν</em></strong></span> <span class='ocrx_word' id='word_1_40' title='bbox 2055 749 2362 837; x_wconf 87' lang='grc' dir='ltr'><strong><em>πραγμά-</em></strong></span> 
     </span>
     <span class='ocr_line' id='line_1_6' title="bbox 193 847 2363 941; baseline 0 -24"><span class='ocrx_word' id='word_1_41' title='bbox 193 876 333 917; x_wconf 89' lang='grc' dir='ltr'><strong><em>των</em></strong></span> <span class='ocrx_word' id='word_1_42' title='bbox 378 851 549 939; x_wconf 83' lang='grc' dir='ltr'><strong><em>μηδὲ</em></strong></span> <span class='ocrx_word' id='word_1_43' title='bbox 591 851 667 918; x_wconf 87' lang='grc' dir='ltr'><strong><em>τὸ</em></strong></span> <span class='ocrx_word' id='word_1_44' title='bbox 717 852 1050 938; x_wconf 91' lang='grc' dir='ltr'><strong><em>παράπαν</em></strong></span> <span class='ocrx_word' id='word_1_45' title='bbox 1096 851 1164 931; x_wconf 85' lang='grc' dir='ltr'><strong><em>ἐς</em></strong></span> <span class='ocrx_word' id='word_1_46' title='bbox 1205 852 1326 941; x_wconf 88' lang='grc' dir='ltr'><strong><em>τὴν</em></strong></span> <span class='ocrx_word' id='word_1_47' title='bbox 1358 852 1578 922; x_wconf 82' lang='grc' dir='ltr'><strong><em>οἰκίαν</em></strong></span> <span class='ocrx_word' id='word_1_48' title='bbox 1609 852 2142 939; x_wconf 81' lang='grc' dir='ltr'><strong><em>παραδέχεσθαι,</em></strong></span> <span class='ocrx_word' id='word_1_49' title='bbox 2190 847 2363 918; x_wconf 81' lang='grc' dir='ltr'><strong><em>ἀλλὰ</em></strong></span> 
     </span>
     <span class='ocr_line' id='line_1_7' title="bbox 195 946 2366 1044; baseline 0 -25"><span class='ocrx_word' id='word_1_50' title='bbox 195 952 441 1038; x_wconf 80' lang='grc' dir='ltr'><strong><em>δήλους</em></strong></span> <span class='ocrx_word' id='word_1_51' title='bbox 500 949 676 1021; x_wconf 85' lang='grc' dir='ltr'><strong><em>εἶναι</em></strong></span> <span class='ocrx_word' id='word_1_52' title='bbox 733 947 1292 1037; x_wconf 90' lang='grc' dir='ltr'><strong><em>ἀποκλείσοντας,</em></strong></span> <span class='ocrx_word' id='word_1_53' title='bbox 1355 946 1437 1042; x_wconf 82' lang='grc' dir='ltr'><strong><em>ἢν</em></strong></span> <span class='ocrx_word' id='word_1_54' title='bbox 1491 950 1842 1044; x_wconf 89' lang='grc' dir='ltr'><strong><em>ἀφίκωμαί</em></strong></span> <span class='ocrx_word' id='word_1_55' title='bbox 1900 979 2069 1021; x_wconf 87' lang='grc' dir='ltr'><strong><em>ποτε</em></strong></span> <span class='ocrx_word' id='word_1_56' title='bbox 2137 947 2366 1032; x_wconf 81' lang='grc' dir='ltr'><strong><em>αὐτοῖς</em></strong></span> 
     </span>
     <span class='ocr_line' id='line_1_8' title="bbox 194 1052 2365 1147; baseline 0.001 -26"><span class='ocrx_word' id='word_1_57' title='bbox 194 1055 319 1121; x_wconf 84' lang='grc' dir='ltr'><strong><em>ἐπὶ</em></strong></span> <span class='ocrx_word' id='word_1_58' title='bbox 361 1053 485 1133; x_wconf 83' lang='grc' dir='ltr'><strong><em>τὰς</em></strong></span> <span class='ocrx_word' id='word_1_59' title='bbox 513 1054 760 1140; x_wconf 89' lang='grc' dir='ltr'><strong><em>θύρας·</em></strong></span> <span class='ocrx_word' id='word_1_60' title='bbox 830 1057 1049 1123; x_wconf 92' lang='grc' dir='ltr'><strong><em>πάλαι</em></strong></span> <span class='ocrx_word' id='word_1_61' title='bbox 1090 1056 1217 1143; x_wconf 84' lang='grc' dir='ltr'><strong><em>γὰρ</em></strong></span> <span class='ocrx_word' id='word_1_62' title='bbox 1262 1056 1382 1147; x_wconf 75' lang='grc' dir='ltr'><strong><em>τήν</em></strong></span> <span class='ocrx_word' id='word_1_63' title='bbox 1412 1052 1714 1127; x_wconf 80' lang='grc' dir='ltr'><strong><em>Ἀδικίαν</em></strong></span> <span class='ocrx_word' id='word_1_64' title='bbox 1760 1056 2365 1143; x_wconf 76' lang='grc' dir='ltr'><strong><em>προεπεξενῶσθαι</em></strong></span> 
     </span>
     <span class='ocr_line' id='line_1_9' title="bbox 194 1152 458 1236; baseline 0.004 -12"><span class='ocrx_word' id='word_1_65' title='bbox 194 1152 458 1236; x_wconf 76' lang='grc' dir='ltr'><strong><em>αὐτοῖς.</em></strong></span> 
     </span>
    </p>

    <p class='ocr_par' dir='ltr' id='par_1_3' title="bbox 193 1248 2363 1563">
     <span class='ocr_line' id='line_1_10' title="bbox 369 1248 2363 1350; baseline 0 -24"><span class='ocrx_word' id='word_1_66' title='bbox 369 1266 622 1327; x_wconf 81' lang='grc' dir='ltr'><strong><em>ΖΕΥΣ.</em></strong></span> <span class='ocrx_word' id='word_1_67' title='bbox 679 1256 774 1329; x_wconf 78' lang='grc' dir='ltr'><strong><em>Οὐ</em></strong></span> <span class='ocrx_word' id='word_1_68' title='bbox 805 1261 1077 1342; x_wconf 90' lang='grc' dir='ltr'><strong><em>πάντες,</em></strong></span> <span class='ocrx_word' id='word_1_69' title='bbox 1125 1248 1179 1326; x_wconf 77' lang='grc' dir='ltr'><strong><em>ῶ</em></strong></span> <span class='ocrx_word' id='word_1_70' title='bbox 1217 1262 1535 1347; x_wconf 87' lang='grc' dir='ltr'><strong><em>θύγατερ,</em></strong></span> <span class='ocrx_word' id='word_1_71' title='bbox 1580 1267 1920 1350; x_wconf 89' lang='grc' dir='ltr'><strong><em>μοχθηροί</em></strong></span> <span class='ocrx_word' id='word_1_72' title='bbox 1950 1260 2154 1329; x_wconf 81' lang='grc' dir='ltr'><strong><em>εἰσιν·</em></strong></span> <span class='ocrx_word' id='word_1_73' title='bbox 2225 1261 2363 1327; x_wconf 80' lang='grc' dir='ltr'><strong><em>ἱκα-</em></strong></span> 
     </span>
     <span class='ocr_line' id='line_1_11' title="bbox 193 1353 2362 1453; baseline -0 -25"><span class='ocrx_word' id='word_1_74' title='bbox 193 1361 316 1429; x_wconf 83' lang='grc' dir='ltr'><strong><em>νὸν</em></strong></span> <span class='ocrx_word' id='word_1_75' title='bbox 365 1364 457 1444; x_wconf 86' lang='grc' dir='ltr'><strong><em>δέ,</em></strong></span> <span class='ocrx_word' id='word_1_76' title='bbox 502 1353 623 1431; x_wconf 73' lang='grc' dir='ltr'><strong><em>κάν</em></strong></span> <span class='ocrx_word' id='word_1_77' title='bbox 669 1361 874 1442; x_wconf 90' lang='grc' dir='ltr'><strong><em>ἐνίοις</em></strong></span> <span class='ocrx_word' id='word_1_78' title='bbox 903 1366 1044 1431; x_wconf 87' lang='grc' dir='ltr'><strong><em>τισὶ</em></strong></span> <span class='ocrx_word' id='word_1_79' title='bbox 1071 1379 1387 1453; x_wconf 86' lang='grc' dir='ltr'><strong><em>χρηστοῖς</em></strong></span> <span class='ocrx_word' id='word_1_80' title='bbox 1417 1363 1704 1453; x_wconf 83' lang='grc' dir='ltr'><strong><em>ἐντύχῃς.</em></strong></span> <span class='ocrx_word' id='word_1_81' title='bbox 1778 1358 1929 1430; x_wconf 75' lang='grc' dir='ltr'><strong><em>ἀλλ’</em></strong></span> <span class='ocrx_word' id='word_1_82' title='bbox 1983 1358 2188 1430; x_wconf 69' lang='grc' dir='ltr'><strong><em>ἄπιτε</em></strong></span> <span class='ocrx_word' id='word_1_83' title='bbox 2215 1357 2362 1451; x_wconf 82' lang='grc' dir='ltr'><strong><em>ἤδη,</em></strong></span> 
     </span>
     <span class='ocr_line' id='line_1_12' title="bbox 194 1455 1624 1563; baseline 0.002 -33"><span class='ocrx_word' id='word_1_84' title='bbox 194 1462 293 1543; x_wconf 84' lang='grc' dir='ltr'><strong><em>ῶς</em></strong></span> <span class='ocrx_word' id='word_1_85' title='bbox 335 1455 460 1532; x_wconf 76' lang='grc' dir='ltr'><strong><em>κάν</em></strong></span> <span class='ocrx_word' id='word_1_86' title='bbox 508 1460 734 1553; x_wconf 81' lang='grc' dir='ltr'><strong><em>ὀλίγαι</em></strong></span> <span class='ocrx_word' id='word_1_87' title='bbox 778 1466 1060 1553; x_wconf 80' lang='grc' dir='ltr'><strong><em>τήμερον</em></strong></span> <span class='ocrx_word' id='word_1_88' title='bbox 1109 1466 1624 1563; x_wconf 75' lang='grc' dir='ltr'><strong><em>ἐκδικασθῶσιν.</em></strong></span> 
     </span>
    </p>

    <p class='ocr_par' dir='ltr' id='par_1_4' title="bbox 196 1562 2433 2166">
     <span class='ocr_line' id='line_1_13' title="bbox 376 1562 2433 1659; baseline -0.002 -24"><span class='ocrx_word' id='word_1_89' title='bbox 376 1573 433 1636; x_wconf 90' lang='grc'><strong><em>8.</em></strong></span> <span class='ocrx_word' id='word_1_90' title='bbox 484 1573 694 1637; x_wconf 87' lang='grc' dir='ltr'><strong><em>ΕΡΜ.</em></strong></span> <span class='ocrx_word' id='word_1_91' title='bbox 739 1572 1128 1654; x_wconf 79' lang='grc' dir='ltr'><strong><em>Προΐωμεν,</em></strong></span> <span class='ocrx_word' id='word_1_92' title='bbox 1176 1564 1230 1634; x_wconf 80' lang='grc' dir='ltr'>ὥ</span> <span class='ocrx_word' id='word_1_93' title='bbox 1274 1574 1477 1657; x_wconf 85' lang='grc' dir='ltr'><strong><em>Δίκη,</em></strong></span> <span class='ocrx_word' id='word_1_94' title='bbox 1526 1570 1771 1659; x_wconf 87' lang='grc' dir='ltr'><strong><em>ταύτην</em></strong></span> <span class='ocrx_word' id='word_1_95' title='bbox 1816 1562 1982 1636; x_wconf 74' lang='grc' dir='ltr'><strong><em>εὐθύ</em></strong></span> <span class='ocrx_word' id='word_1_96' title='bbox 2028 1570 2148 1634; x_wconf 90' lang='grc' dir='ltr'><strong><em>τοῦ</em></strong></span> <span class='ocrx_word' id='word_1_97' title='bbox 2190 1573 2359 1633; x_wconf 81' lang='grc' dir='ltr'><strong><em>Σου·-</em></strong></span> <span class='ocrx_word' id='word_1_98' title='bbox 2395 1575 2433 1631; x_wconf 85' lang='grc'><strong>8</strong></span> 
     </span>
     <span class='ocr_line' id='line_1_14' title="bbox 196 1666 2363 1761; baseline 0 -25"><span class='ocrx_word' id='word_1_99' title='bbox 196 1675 346 1736; x_wconf 89' lang='grc' dir='ltr'><strong><em>νίου</em></strong></span> <span class='ocrx_word' id='word_1_100' title='bbox 403 1669 642 1755; x_wconf 84' lang='grc' dir='ltr'><strong><em>μικρὸν</em></strong></span> <span class='ocrx_word' id='word_1_101' title='bbox 694 1666 830 1738; x_wconf 82' lang='grc' dir='ltr'><strong><em>ῦπὸ</em></strong></span> <span class='ocrx_word' id='word_1_102' title='bbox 890 1669 1008 1738; x_wconf 83' lang='grc' dir='ltr'><strong><em>τὸν</em></strong></span> <span class='ocrx_word' id='word_1_103' title='bbox 1047 1668 1364 1761; x_wconf 77' lang='grc' dir='ltr'><strong><em>Ὑμηττὸν</em></strong></span> <span class='ocrx_word' id='word_1_104' title='bbox 1419 1670 1536 1739; x_wconf 86' lang='grc' dir='ltr'><strong><em>ἐπὶ</em></strong></span> <span class='ocrx_word' id='word_1_105' title='bbox 1588 1670 1674 1737; x_wconf 84' lang='grc' dir='ltr'><strong><em>τὰ</em></strong></span> <span class='ocrx_word' id='word_1_106' title='bbox 1726 1669 1886 1738; x_wconf 87' lang='grc' dir='ltr'><strong><em>λαιὰ</em></strong></span> <span class='ocrx_word' id='word_1_107' title='bbox 1931 1672 2047 1758; x_wconf 84' lang='grc' dir='ltr'><strong><em>τῆς</em></strong></span> <span class='ocrx_word' id='word_1_108' title='bbox 2091 1668 2363 1757; x_wconf 74' lang='grc' dir='ltr'><strong><em>Πάρνη-</em></strong></span> 
     </span>
     <span class='ocr_line' id='line_1_15' title="bbox 198 1769 2362 1859; baseline 0 -22"><span class='ocrx_word' id='word_1_109' title='bbox 198 1777 365 1854; x_wconf 75' lang='grc' dir='ltr'><strong><em>θὀς,</em></strong></span> <span class='ocrx_word' id='word_1_110' title='bbox 427 1772 600 1840; x_wconf 71' lang='grc' dir='ltr'><strong><em>ἔνθα</em></strong></span> <span class='ocrx_word' id='word_1_111' title='bbox 658 1775 731 1840; x_wconf 81' lang='grc' dir='ltr'><strong><em>αἱ</em></strong></span> <span class='ocrx_word' id='word_1_112' title='bbox 776 1773 893 1840; x_wconf 81' lang='grc' dir='ltr'><strong><em>δύο</em></strong></span> <span class='ocrx_word' id='word_1_113' title='bbox 941 1773 1185 1841; x_wconf 76' lang='grc' dir='ltr'><strong><em>ἐκεῖναι</em></strong></span> <span class='ocrx_word' id='word_1_114' title='bbox 1233 1769 1459 1859; x_wconf 69' lang='grc' dir='ltr'><strong><em>ἄκραι·</em></strong></span> <span class='ocrx_word' id='word_1_115' title='bbox 1535 1772 1614 1839; x_wconf 80' lang='grc' dir='ltr'><strong>σύ</strong></span> <span class='ocrx_word' id='word_1_116' title='bbox 1667 1772 1792 1859; x_wconf 79' lang='grc' dir='ltr'><strong><em>γὰρ</em></strong></span> <span class='ocrx_word' id='word_1_117' title='bbox 1838 1772 2061 1849; x_wconf 71' lang='grc' dir='ltr'><strong><em>ἔοικας</em></strong></span> <span class='ocrx_word' id='word_1_118' title='bbox 2105 1770 2362 1858; x_wconf 81' lang='grc' dir='ltr'><strong><em>ἐκλελῆ-</em></strong></span> 
     </span>
     <span class='ocr_line' id='line_1_16' title="bbox 203 1870 2366 1963; baseline 0 -22"><span class='ocrx_word' id='word_1_119' title='bbox 203 1880 382 1941; x_wconf 86' lang='grc' dir='ltr'><strong><em>σθαι</em></strong></span> <span class='ocrx_word' id='word_1_120' title='bbox 429 1876 649 1943; x_wconf 87' lang='grc' dir='ltr'><strong><em>πάλαι</em></strong></span> <span class='ocrx_word' id='word_1_121' title='bbox 692 1874 811 1963; x_wconf 88' lang='grc' dir='ltr'><strong><em>τὴν</em></strong></span> <span class='ocrx_word' id='word_1_122' title='bbox 858 1871 1039 1944; x_wconf 80' lang='grc' dir='ltr'><strong><em>ὁδόν.</em></strong></span> <span class='ocrx_word' id='word_1_123' title='bbox 1114 1870 1285 1943; x_wconf 84' lang='grc' dir='ltr'><strong><em>ἀλλὰ</em></strong></span> <span class='ocrx_word' id='word_1_124' title='bbox 1329 1883 1398 1943; x_wconf 89' lang='grc' dir='ltr'><strong><em>τί</em></strong></span> <span class='ocrx_word' id='word_1_125' title='bbox 1444 1874 1747 1959; x_wconf 84' lang='grc' dir='ltr'><strong><em>δακρύεις</em></strong></span> <span class='ocrx_word' id='word_1_126' title='bbox 1783 1877 1894 1941; x_wconf 86' lang='grc' dir='ltr'><strong><em>καὶ</em></strong></span> <span class='ocrx_word' id='word_1_127' title='bbox 1927 1874 2366 1957; x_wconf 78' lang='grc' dir='ltr'><strong><em>σχετλιάζειςς</em></strong></span> 
     </span>
     <span class='ocr_line' id='line_1_17' title="bbox 201 1970 2365 2065; baseline 0.001 -23"><span class='ocrx_word' id='word_1_128' title='bbox 201 1977 296 2065; x_wconf 87' lang='grc' dir='ltr'><strong><em>μὴ</em></strong></span> <span class='ocrx_word' id='word_1_129' title='bbox 344 1977 606 2045; x_wconf 84' lang='grc' dir='ltr'><strong><em>δέδιθι·</em></strong></span> <span class='ocrx_word' id='word_1_130' title='bbox 662 1971 891 2044; x_wconf 74' lang='grc' dir='ltr'><strong><em>ούκέθ’</em></strong></span> <span class='ocrx_word' id='word_1_131' title='bbox 943 1970 1146 2062; x_wconf 72' lang='grc' dir='ltr'><strong><em>ὅμοια</em></strong></span> <span class='ocrx_word' id='word_1_132' title='bbox 1189 1977 1274 2045; x_wconf 84' lang='grc' dir='ltr'><strong><em>τὰ</em></strong></span> <span class='ocrx_word' id='word_1_133' title='bbox 1322 1976 1390 2045; x_wconf 89' lang='grc' dir='ltr'><strong><em>ἐν</em></strong></span> <span class='ocrx_word' id='word_1_134' title='bbox 1419 1982 1516 2064; x_wconf 71' lang='grc' dir='ltr'><strong><em>τῷ</em></strong></span> <span class='ocrx_word' id='word_1_135' title='bbox 1544 1984 1706 2065; x_wconf 85' lang='grc' dir='ltr'><strong><em>βίῳ·</em></strong></span> <span class='ocrx_word' id='word_1_136' title='bbox 1760 1982 2085 2044; x_wconf 80' lang='grc' dir='ltr'><strong><em>τεθνᾶσιν</em></strong></span> <span class='ocrx_word' id='word_1_137' title='bbox 2124 1976 2365 2044; x_wconf 84' lang='grc' dir='ltr'><strong><em>ἐκεῖνοι</em></strong></span> 
     </span>
     <span class='ocr_line' id='line_1_18' title="bbox 205 2078 2367 2166; baseline -0 -21"><span class='ocrx_word' id='word_1_138' title='bbox 205 2078 459 2158; x_wconf 87' lang='grc' dir='ltr'><strong><em>πάντες</em></strong></span> <span class='ocrx_word' id='word_1_139' title='bbox 517 2081 584 2146; x_wconf 81' lang='grc' dir='ltr'><strong><em>οἱ</em></strong></span> <span class='ocrx_word' id='word_1_140' title='bbox 641 2086 1005 2166; x_wconf 82' lang='grc' dir='ltr'><strong><em>Σκείρωνες</em></strong></span> <span class='ocrx_word' id='word_1_141' title='bbox 1062 2082 1173 2148; x_wconf 86' lang='grc' dir='ltr'><strong><em>καὶ</em></strong></span> <span class='ocrx_word' id='word_1_142' title='bbox 1225 2080 1756 2164; x_wconf 84' lang='grc' dir='ltr'><strong><em>Πιτυοκάμπται</em></strong></span> <span class='ocrx_word' id='word_1_143' title='bbox 1806 2083 1916 2148; x_wconf 86' lang='grc' dir='ltr'><strong><em>καὶ</em></strong></span> <span class='ocrx_word' id='word_1_144' title='bbox 1973 2078 2367 2165; x_wconf 89' lang='grc' dir='ltr'><strong><em>Βουσίριδες</em></strong></span> 
     </span>
    </p>

    <p class='ocr_par' dir='ltr' id='par_1_5' title="bbox 105 2174 2366 2557">
     <span class='ocr_line' id='line_1_19' title="bbox 105 2174 2364 2270; baseline -0 -24"><span class='ocrx_word' id='word_1_145' title='bbox 105 2183 326 2248; x_wconf 73' lang='grc' dir='ltr'><strong><em>εθθκαὶ</em></strong></span> <span class='ocrx_word' id='word_1_146' title='bbox 361 2181 762 2267; x_wconf 84' lang='grc' dir='ltr'><strong><em>Φαλάριδες,</em></strong></span> <span class='ocrx_word' id='word_1_147' title='bbox 811 2182 924 2263; x_wconf 78' lang='grc' dir='ltr'><strong><em>οὓς</em></strong></span> <span class='ocrx_word' id='word_1_148' title='bbox 969 2181 1247 2259; x_wconf 89' lang='grc' dir='ltr'><strong><em>ἐδεδίεις</em></strong></span> <span class='ocrx_word' id='word_1_149' title='bbox 1274 2182 1446 2257; x_wconf 84' lang='grc' dir='ltr'><strong><em>τότε,</em></strong></span> <span class='ocrx_word' id='word_1_150' title='bbox 1493 2185 1634 2251; x_wconf 84' lang='grc' dir='ltr'><strong><em>νυνὶ</em></strong></span> <span class='ocrx_word' id='word_1_151' title='bbox 1674 2182 1746 2249; x_wconf 81' lang='grc' dir='ltr'><strong><em>δὲ</em></strong></span> <span class='ocrx_word' id='word_1_152' title='bbox 1773 2187 1998 2270; x_wconf 82' lang='grc' dir='ltr'><strong><em>Σοφία</em></strong></span> <span class='ocrx_word' id='word_1_153' title='bbox 2027 2183 2141 2248; x_wconf 89' lang='grc' dir='ltr'><strong><em>καὶ</em></strong></span> <span class='ocrx_word' id='word_1_154' title='bbox 2161 2174 2364 2246; x_wconf 75' lang='grc' dir='ltr'><strong><em>Ἀκα-</em></strong></span> 
     </span>
     <span class='ocr_line' id='line_1_20' title="bbox 208 2283 2366 2372; baseline 0.001 -24"><span class='ocrx_word' id='word_1_155' title='bbox 208 2285 418 2371; x_wconf 88' lang='grc' dir='ltr'><strong><em>δημία</em></strong></span> <span class='ocrx_word' id='word_1_156' title='bbox 460 2288 574 2351; x_wconf 85' lang='grc' dir='ltr'><strong><em>καὶ</em></strong></span> <span class='ocrx_word' id='word_1_157' title='bbox 603 2286 784 2354; x_wconf 82' lang='grc' dir='ltr'><strong><em>Στοὰ</em></strong></span> <span class='ocrx_word' id='word_1_158' title='bbox 826 2292 1173 2369; x_wconf 80' lang='grc' dir='ltr'><strong><em>κατέχουσι</em></strong></span> <span class='ocrx_word' id='word_1_159' title='bbox 1212 2286 1440 2353; x_wconf 88' lang='grc' dir='ltr'><strong><em>πάντα</em></strong></span> <span class='ocrx_word' id='word_1_160' title='bbox 1472 2290 1583 2355; x_wconf 90' lang='grc' dir='ltr'><strong><em>καὶ</em></strong></span> <span class='ocrx_word' id='word_1_161' title='bbox 1616 2289 1959 2369; x_wconf 87' lang='grc' dir='ltr'><strong><em>πανταχοῦ</em></strong></span> <span class='ocrx_word' id='word_1_162' title='bbox 1990 2308 2066 2352; x_wconf 89' lang='grc' dir='ltr'><strong><em>σε</em></strong></span> <span class='ocrx_word' id='word_1_163' title='bbox 2098 2283 2366 2372; x_wconf 81' lang='grc' dir='ltr'><strong><em>ζητοῦσι</em></strong></span> 
     </span>
     <span class='ocr_line' id='line_1_21' title="bbox 204 2380 2365 2477; baseline -0.001 -25"><span class='ocrx_word' id='word_1_164' title='bbox 204 2388 318 2452; x_wconf 87' lang='grc' dir='ltr'><strong><em>καὶ</em></strong></span> <span class='ocrx_word' id='word_1_165' title='bbox 365 2389 526 2472; x_wconf 89' lang='grc' dir='ltr'><strong><em>περὶ</em></strong></span> <span class='ocrx_word' id='word_1_166' title='bbox 571 2391 693 2455; x_wconf 91' lang='grc' dir='ltr'><strong><em>σοῦ</em></strong></span> <span class='ocrx_word' id='word_1_167' title='bbox 740 2389 1162 2475; x_wconf 87' lang='grc' dir='ltr'><strong><em>διαλέγονται</em></strong></span> <span class='ocrx_word' id='word_1_168' title='bbox 1205 2390 1546 2477; x_wconf 86' lang='grc' dir='ltr'><strong><em>κεχηνότες</em></strong></span> <span class='ocrx_word' id='word_1_169' title='bbox 1600 2387 1667 2455; x_wconf 76' lang='grc' dir='ltr'><strong><em>εἰ’</em></strong></span> <span class='ocrx_word' id='word_1_170' title='bbox 1715 2392 1939 2454; x_wconf 90' lang='grc' dir='ltr'><strong><em>ποθεν</em></strong></span> <span class='ocrx_word' id='word_1_171' title='bbox 1984 2385 2081 2465; x_wconf 82' lang='grc' dir='ltr'><strong><em>εἰς</em></strong></span> <span class='ocrx_word' id='word_1_172' title='bbox 2126 2380 2365 2463; x_wconf 77' lang='grc' dir='ltr'><strong><em>αύτούς</em></strong></span> 
     </span>
     <span class='ocr_line' id='line_1_22' title="bbox 204 2488 606 2557; baseline 0.005 -2"><span class='ocrx_word' id='word_1_173' title='bbox 204 2488 606 2557; x_wconf 91' lang='grc' dir='ltr'><strong><em>κατάπτοιο.</em></strong></span> 
     </span>
    </p>

    <p class='ocr_par' dir='ltr' id='par_1_6' title="bbox 205 2578 2368 3091">
     <span class='ocr_line' id='line_1_23' title="bbox 379 2578 2365 2682; baseline 0 -26"><span class='ocrx_word' id='word_1_174' title='bbox 379 2597 567 2658; x_wconf 88' lang='grc' dir='ltr'><strong><em>ΔΙΚ.</em></strong></span> <span class='ocrx_word' id='word_1_175' title='bbox 664 2591 753 2658; x_wconf 77' lang='grc' dir='ltr'><strong><em>Σὺ</em></strong></span> <span class='ocrx_word' id='word_1_176' title='bbox 819 2596 976 2678; x_wconf 88' lang='grc' dir='ltr'><strong><em>γοῦν</em></strong></span> <span class='ocrx_word' id='word_1_177' title='bbox 1035 2619 1185 2677; x_wconf 92' lang='grc' dir='ltr'><strong><em>μοι,</em></strong></span> <span class='ocrx_word' id='word_1_178' title='bbox 1253 2578 1307 2659; x_wconf 85' lang='grc' dir='ltr'><strong><em>ῶ</em></strong></span> <span class='ocrx_word' id='word_1_179' title='bbox 1354 2588 1583 2682; x_wconf 80' lang='grc' dir='ltr'><strong><em>Ἑρμῆ,</em></strong></span> <span class='ocrx_word' id='word_1_180' title='bbox 1648 2586 1945 2680; x_wconf 79' lang='grc' dir='ltr'><strong><em>τάληθὲς</em></strong></span> <span class='ocrx_word' id='word_1_181' title='bbox 2000 2580 2082 2657; x_wconf 78' lang='grc' dir='ltr'><strong><em>ἀν</em></strong></span> <span class='ocrx_word' id='word_1_182' title='bbox 2140 2589 2365 2666; x_wconf 78' lang='grc' dir='ltr'><strong><em>ε’ίποις</em></strong></span> 
     </span>
     <span class='ocr_line' id='line_1_24' title="bbox 207 2690 2364 2777; baseline -0 -18"><span class='ocrx_word' id='word_1_183' title='bbox 207 2693 444 2776; x_wconf 88' lang='grc' dir='ltr'><strong><em>μόνος,</em></strong></span> <span class='ocrx_word' id='word_1_184' title='bbox 500 2690 621 2760; x_wconf 76' lang='grc' dir='ltr'><strong><em>ἅτε</em></strong></span> <span class='ocrx_word' id='word_1_185' title='bbox 667 2693 872 2773; x_wconf 84' lang='grc' dir='ltr'><strong><em>ξυνῶν</em></strong></span> <span class='ocrx_word' id='word_1_186' title='bbox 919 2691 1146 2774; x_wconf 88' lang='grc' dir='ltr'><strong><em>αύτοῖς</em></strong></span> <span class='ocrx_word' id='word_1_187' title='bbox 1201 2693 1285 2762; x_wconf 85' lang='grc' dir='ltr'><strong><em>τὰ</em></strong></span> <span class='ocrx_word' id='word_1_188' title='bbox 1332 2693 1556 2761; x_wconf 84' lang='grc' dir='ltr'><strong><em>πολλὰ</em></strong></span> <span class='ocrx_word' id='word_1_189' title='bbox 1613 2697 1725 2761; x_wconf 90' lang='grc' dir='ltr'><strong><em>καὶ</em></strong></span> <span class='ocrx_word' id='word_1_190' title='bbox 1772 2693 2249 2777; x_wconf 85' lang='grc' dir='ltr'><strong><em>ξυνδιατρίβων</em></strong></span> <span class='ocrx_word' id='word_1_191' title='bbox 2295 2691 2364 2758; x_wconf 78' lang='grc' dir='ltr'><strong><em>’ἐν</em></strong></span> 
     </span>
     <span class='ocr_line' id='line_1_25' title="bbox 207 2790 2366 2887; baseline -0.001 -26"><span class='ocrx_word' id='word_1_192' title='bbox 207 2819 282 2861; x_wconf 90' lang='grc' dir='ltr'><strong><em>τε</em></strong></span> <span class='ocrx_word' id='word_1_193' title='bbox 335 2803 732 2883; x_wconf 89' lang='grc' dir='ltr'><strong><em>γυμνασίοις</em></strong></span> <span class='ocrx_word' id='word_1_194' title='bbox 786 2800 897 2863; x_wconf 87' lang='grc' dir='ltr'><strong><em>καὶ</em></strong></span> <span class='ocrx_word' id='word_1_195' title='bbox 952 2797 1021 2864; x_wconf 85' lang='grc' dir='ltr'><strong><em>ἐν</em></strong></span> <span class='ocrx_word' id='word_1_196' title='bbox 1076 2801 1162 2887; x_wconf 84' lang='grc' dir='ltr'><strong><em>τῇ</em></strong></span> <span class='ocrx_word' id='word_1_197' title='bbox 1216 2792 1426 2887; x_wconf 81' lang='grc' dir='ltr'><strong><em>ἀγορᾷ</em></strong></span> <span class='ocrx_word' id='word_1_198' title='bbox 1483 2835 1563 2845; x_wconf 90' lang='grc'><strong>-</strong></span> <span class='ocrx_word' id='word_1_199' title='bbox 1608 2799 1720 2863; x_wconf 88' lang='grc' dir='ltr'><strong><em>καὶ</em></strong></span> <span class='ocrx_word' id='word_1_200' title='bbox 1776 2795 2091 2882; x_wconf 84' lang='grc' dir='ltr'><strong><em>ἀγοραῖος</em></strong></span> <span class='ocrx_word' id='word_1_201' title='bbox 2132 2794 2259 2881; x_wconf 81' lang='grc' dir='ltr'><strong><em>γὰρ</em></strong></span> <span class='ocrx_word' id='word_1_202' title='bbox 2307 2790 2366 2860; x_wconf 85' lang='grc' dir='ltr'><strong><em>εἶ</em></strong></span> 
     </span>
     <span class='ocr_line' id='line_1_26' title="bbox 208 2893 2368 2990; baseline 0 -27"><span class='ocrx_word' id='word_1_203' title='bbox 208 2900 322 2964; x_wconf 87' lang='grc' dir='ltr'><strong><em>καὶ</em></strong></span> <span class='ocrx_word' id='word_1_204' title='bbox 382 2898 451 2964; x_wconf 89' lang='grc' dir='ltr'><strong><em>ἐν</em></strong></span> <span class='ocrx_word' id='word_1_205' title='bbox 510 2912 659 2977; x_wconf 90' lang='grc' dir='ltr'><strong><em>ταῖς</em></strong></span> <span class='ocrx_word' id='word_1_206' title='bbox 715 2898 1091 2987; x_wconf 86' lang='grc' dir='ltr'><strong><em>ἐκκλησίαις</em></strong></span> <span class='ocrx_word' id='word_1_207' title='bbox 1150 2901 1493 2990; x_wconf 88' lang='grc' dir='ltr'><strong><em>κηρύττεις</em></strong></span> <span class='ocrx_word' id='word_1_208' title='bbox 1551 2938 1634 2947; x_wconf 91' lang='lat'><strong><em>-—</em></strong></span> <span class='ocrx_word' id='word_1_209' title='bbox 1695 2893 1933 2965; x_wconf 81' lang='grc' dir='ltr'><strong><em>ὁποῖοι</em></strong></span> <span class='ocrx_word' id='word_1_210' title='bbox 1990 2902 2368 2985; x_wconf 87' lang='grc' dir='ltr'><strong><em>γεγένηνται</em></strong></span> 
     </span>
     <span class='ocr_line' id='line_1_27' title="bbox 205 2996 1695 3091; baseline 0.001 -26"><span class='ocrx_word' id='word_1_211' title='bbox 205 3003 316 3066; x_wconf 89' lang='grc' dir='ltr'><strong><em>καὶ</em></strong></span> <span class='ocrx_word' id='word_1_212' title='bbox 364 2998 425 3065; x_wconf 79' lang='grc' dir='ltr'><strong><em>εἰ</em></strong></span> <span class='ocrx_word' id='word_1_213' title='bbox 474 3000 715 3085; x_wconf 87' lang='grc' dir='ltr'><strong><em>δυνατή</em></strong></span> <span class='ocrx_word' id='word_1_214' title='bbox 762 3027 881 3085; x_wconf 93' lang='grc' dir='ltr'><strong><em>μοι</em></strong></span> <span class='ocrx_word' id='word_1_215' title='bbox 926 2996 1093 3087; x_wconf 73' lang='grc' dir='ltr'><strong><em>παρ’</em></strong></span> <span class='ocrx_word' id='word_1_216' title='bbox 1148 2996 1376 3079; x_wconf 74' lang='grc' dir='ltr'><strong><em>αὐτοῖς</em></strong></span> <span class='ocrx_word' id='word_1_217' title='bbox 1418 2998 1459 3091; x_wconf 80' lang='grc' dir='ltr'>ἡ</span> <span class='ocrx_word' id='word_1_218' title='bbox 1504 3000 1695 3088; x_wconf 89' lang='grc' dir='ltr'><strong><em>μονή.</em></strong></span> 
     </span>
    </p>

    <p class='ocr_par' dir='ltr' id='par_1_7' title="bbox 203 3093 2370 4109">
     <span class='ocr_line' id='line_1_28' title="bbox 259 3093 2368 3198; baseline 0.001 -31"><span class='ocrx_word' id='word_1_219' title='bbox 259 3189 282 3198; x_wconf 30' lang='grc' dir='ltr'>φ</span> <span class='ocrx_word' id='word_1_220' title='bbox 380 3106 592 3168; x_wconf 87' lang='grc' dir='ltr'><strong><em>ΕΡΜ.</em></strong></span> <span class='ocrx_word' id='word_1_221' title='bbox 668 3102 773 3190; x_wconf 88' lang='grc' dir='ltr'><strong><em>Νὴ</em></strong></span> <span class='ocrx_word' id='word_1_222' title='bbox 820 3098 976 3185; x_wconf 73' lang='grc' dir='ltr'><strong><em>Δί’,</em></strong></span> <span class='ocrx_word' id='word_1_223' title='bbox 1047 3099 1348 3191; x_wconf 87' lang='grc' dir='ltr'><strong><em>ἀδικοίην</em></strong></span> <span class='ocrx_word' id='word_1_224' title='bbox 1403 3103 1530 3189; x_wconf 83' lang='grc' dir='ltr'><strong><em>γὰρ</em></strong></span> <span class='ocrx_word' id='word_1_225' title='bbox 1590 3093 1672 3169; x_wconf 77' lang='grc' dir='ltr'><strong><em>ἀν</em></strong></span> <span class='ocrx_word' id='word_1_226' title='bbox 1730 3101 1905 3188; x_wconf 85' lang='grc' dir='ltr'><strong><em>πρὸς</em></strong></span> <span class='ocrx_word' id='word_1_227' title='bbox 1950 3102 2246 3192; x_wconf 89' lang='grc' dir='ltr'><strong><em>ἀδελφήν</em></strong></span> <span class='ocrx_word' id='word_1_228' title='bbox 2292 3125 2368 3169; x_wconf 89' lang='grc' dir='ltr'><strong><em>σε</em></strong></span> 
     </span>
     <span class='ocr_line' id='line_1_29' title="bbox 206 3197 2367 3294; baseline 0 -25"><span class='ocrx_word' id='word_1_229' title='bbox 206 3199 414 3271; x_wconf 80' lang='grc' dir='ltr'><strong><em>οὖσαν</em></strong></span> <span class='ocrx_word' id='word_1_230' title='bbox 460 3203 551 3290; x_wconf 91' lang='grc' dir='ltr'><strong><em>μὴ</em></strong></span> <span class='ocrx_word' id='word_1_231' title='bbox 599 3206 832 3291; x_wconf 83' lang='grc' dir='ltr'><strong><em>λέγων·</em></strong></span> <span class='ocrx_word' id='word_1_232' title='bbox 903 3200 1019 3272; x_wconf 79' lang='grc' dir='ltr'><strong><em>οῦκ</em></strong></span> <span class='ocrx_word' id='word_1_233' title='bbox 1075 3201 1271 3294; x_wconf 79' lang='grc' dir='ltr'><strong><em>ὀλίγα</em></strong></span> <span class='ocrx_word' id='word_1_234' title='bbox 1322 3206 1449 3292; x_wconf 83' lang='grc' dir='ltr'><strong><em>γὰρ</em></strong></span> <span class='ocrx_word' id='word_1_235' title='bbox 1507 3207 1680 3290; x_wconf 90' lang='grc' dir='ltr'><strong><em>πρὸς</em></strong></span> <span class='ocrx_word' id='word_1_236' title='bbox 1725 3208 2141 3294; x_wconf 82' lang='grc' dir='ltr'><strong><em>φιλοσοφίας</em></strong></span> <span class='ocrx_word' id='word_1_237' title='bbox 2185 3197 2367 3292; x_wconf 81' lang='grc' dir='ltr'><strong><em>ὠφέ-</em></strong></span> 
     </span>
     <span class='ocr_line' id='line_1_30' title="bbox 206 3303 2370 3396; baseline 0 -25"><span class='ocrx_word' id='word_1_238' title='bbox 206 3309 441 3394; x_wconf 89' lang='grc' dir='ltr'><strong><em>ληνται</em></strong></span> <span class='ocrx_word' id='word_1_239' title='bbox 489 3308 555 3373; x_wconf 80' lang='grc' dir='ltr'><strong><em>οἱ</em></strong></span> <span class='ocrx_word' id='word_1_240' title='bbox 601 3310 845 3376; x_wconf 90' lang='grc' dir='ltr'><strong><em>πολλοὶ</em></strong></span> <span class='ocrx_word' id='word_1_241' title='bbox 906 3303 1150 3376; x_wconf 69' lang='grc' dir='ltr'><strong><em>αὐτῶν·</em></strong></span> <span class='ocrx_word' id='word_1_242' title='bbox 1224 3312 1337 3376; x_wconf 87' lang='grc' dir='ltr'><strong><em>καὶ</em></strong></span> <span class='ocrx_word' id='word_1_243' title='bbox 1380 3307 1505 3394; x_wconf 83' lang='grc' dir='ltr'><strong><em>γὰρ</em></strong></span> <span class='ocrx_word' id='word_1_244' title='bbox 1562 3308 1622 3375; x_wconf 82' lang='grc' dir='ltr'><strong><em>εἰ</em></strong></span> <span class='ocrx_word' id='word_1_245' title='bbox 1665 3309 1873 3396; x_wconf 83' lang='grc' dir='ltr'><strong><em>μηδὲν</em></strong></span> <span class='ocrx_word' id='word_1_246' title='bbox 1931 3303 2125 3387; x_wconf 80' lang='grc' dir='ltr'><strong><em>ἀλλο,</em></strong></span> <span class='ocrx_word' id='word_1_247' title='bbox 2183 3305 2370 3373; x_wconf 82' lang='grc' dir='ltr'><strong><em>αἰδοῖ</em></strong></span> 
     </span>
     <span class='ocr_line' id='line_1_31' title="bbox 203 3402 2362 3499; baseline -0.001 -24"><span class='ocrx_word' id='word_1_248' title='bbox 203 3412 358 3494; x_wconf 87' lang='grc' dir='ltr'><strong><em>γοῦν</em></strong></span> <span class='ocrx_word' id='word_1_249' title='bbox 402 3413 523 3475; x_wconf 91' lang='grc' dir='ltr'><strong><em>τοῦ</em></strong></span> <span class='ocrx_word' id='word_1_250' title='bbox 556 3409 889 3499; x_wconf 85' lang='grc' dir='ltr'><strong><em>σχήματος</em></strong></span> <span class='ocrx_word' id='word_1_251' title='bbox 924 3411 1335 3496; x_wconf 85' lang='grc' dir='ltr'><strong><em>μετριώτερα</em></strong></span> <span class='ocrx_word' id='word_1_252' title='bbox 1367 3409 1916 3496; x_wconf 84' lang='grc' dir='ltr'><strong><em>διαμαρτάνουσι.</em></strong></span> <span class='ocrx_word' id='word_1_253' title='bbox 1985 3407 2160 3497; x_wconf 86' lang='grc' dir='ltr'><strong><em>πλὴν</em></strong></span> <span class='ocrx_word' id='word_1_254' title='bbox 2193 3402 2362 3473; x_wconf 81' lang='grc' dir='ltr'><strong><em>ἀλλὰ</em></strong></span> 
     </span>
     <span class='ocr_line' id='line_1_32' title="bbox 203 3505 2363 3600; baseline -0.001 -24"><span class='ocrx_word' id='word_1_255' title='bbox 203 3514 314 3577; x_wconf 87' lang='grc' dir='ltr'><strong><em>καὶ</em></strong></span> <span class='ocrx_word' id='word_1_256' title='bbox 371 3516 748 3599; x_wconf 89' lang='grc' dir='ltr'><strong><em>μοχθηροῖς</em></strong></span> <span class='ocrx_word' id='word_1_257' title='bbox 804 3535 982 3579; x_wconf 93' lang='grc' dir='ltr'><strong><em>τισιν</em></strong></span> <span class='ocrx_word' id='word_1_258' title='bbox 1037 3513 1298 3600; x_wconf 85' lang='grc' dir='ltr'><strong><em>ἐντεύξῃ</em></strong></span> <span class='ocrx_word' id='word_1_259' title='bbox 1356 3506 1571 3579; x_wconf 71' lang='grc' dir='ltr'><strong><em>αὐτῶν</em></strong></span> <span class='ocrx_word' id='word_1_260' title='bbox 1629 3550 1712 3560; x_wconf 91' lang='grc'>-</span> <span class='ocrx_word' id='word_1_261' title='bbox 1767 3509 1887 3596; x_wconf 90' lang='grc' dir='ltr'><strong><em>χρὴ</em></strong></span> <span class='ocrx_word' id='word_1_262' title='bbox 1933 3510 2090 3595; x_wconf 86' lang='grc' dir='ltr'><strong><em>γάρ,</em></strong></span> <span class='ocrx_word' id='word_1_263' title='bbox 2151 3505 2363 3591; x_wconf 84' lang='grc' dir='ltr'><strong><em>οἶμαι,</em></strong></span> 
     </span>
     <span class='ocr_line' id='line_1_33' title="bbox 203 3606 2364 3702; baseline -0 -25"><span class='ocrx_word' id='word_1_264' title='bbox 203 3606 475 3701; x_wconf 84' lang='grc' dir='ltr'><strong><em>τάληθῆ</em></strong></span> <span class='ocrx_word' id='word_1_265' title='bbox 535 3616 748 3699; x_wconf 84' lang='grc' dir='ltr'><strong><em>λέγειν</em></strong></span> <span class='ocrx_word' id='word_1_266' title='bbox 801 3653 884 3663; x_wconf 89' lang='grc'><strong>-</strong></span> <span class='ocrx_word' id='word_1_267' title='bbox 942 3614 1146 3691; x_wconf 86' lang='grc' dir='ltr'><strong><em>ἐνίοις</em></strong></span> <span class='ocrx_word' id='word_1_268' title='bbox 1203 3614 1276 3680; x_wconf 81' lang='grc' dir='ltr'><strong><em>δὲ</em></strong></span> <span class='ocrx_word' id='word_1_269' title='bbox 1332 3610 1700 3702; x_wconf 83' lang='grc' dir='ltr'><strong><em>ἡμισόφοις</em></strong></span> <span class='ocrx_word' id='word_1_270' title='bbox 1755 3615 1867 3678; x_wconf 89' lang='grc' dir='ltr'><strong><em>καὶ</em></strong></span> <span class='ocrx_word' id='word_1_271' title='bbox 1922 3607 2364 3698; x_wconf 79' lang='grc' dir='ltr'><strong><em>ἦμιφαύλοις’</em></strong></span> 
     </span>
     <span class='ocr_line' id='line_1_34' title="bbox 208 3709 2362 3805; baseline -0.001 -24"><span class='ocrx_word' id='word_1_272' title='bbox 208 3714 355 3782; x_wconf 87' lang='grc' dir='ltr'><strong><em>ἐπεὶ</em></strong></span> <span class='ocrx_word' id='word_1_273' title='bbox 399 3714 529 3801; x_wconf 80' lang='grc' dir='ltr'><strong><em>γὰρ</em></strong></span> <span class='ocrx_word' id='word_1_274' title='bbox 576 3709 817 3794; x_wconf 76' lang='grc' dir='ltr'><strong><em>αύτούς</em></strong></span> <span class='ocrx_word' id='word_1_275' title='bbox 859 3722 1276 3801; x_wconf 82' lang='grc' dir='ltr'><strong><em>μετέβαπτεν</em></strong></span> <span class='ocrx_word' id='word_1_276' title='bbox 1326 3713 1365 3802; x_wconf 82' lang='grc' dir='ltr'><strong><em>ἡ</em></strong></span> <span class='ocrx_word' id='word_1_277' title='bbox 1428 3721 1808 3805; x_wconf 86' lang='grc' dir='ltr'><strong><em>φιλοσοφία</em></strong></span> <span class='ocrx_word' id='word_1_278' title='bbox 1852 3715 2362 3798; x_wconf 82' lang='grc' dir='ltr'><strong><em>παραλαβοῦσα,</em></strong></span> 
     </span>
     <span class='ocr_line' id='line_1_35' title="bbox 205 3808 2365 3905; baseline -0 -23"><span class='ocrx_word' id='word_1_279' title='bbox 205 3813 455 3884; x_wconf 78' lang='grc' dir='ltr'><strong><em>ὁπόσοι</em></strong></span> <span class='ocrx_word' id='word_1_280' title='bbox 519 3818 641 3899; x_wconf 82' lang='grc' dir='ltr'><strong><em>μὲν</em></strong></span> <span class='ocrx_word' id='word_1_281' title='bbox 713 3808 885 3898; x_wconf 85' lang='grc' dir='ltr'><strong><em>[οῦν]</em></strong></span> <span class='ocrx_word' id='word_1_282' title='bbox 954 3817 1019 3896; x_wconf 90' lang='grc' dir='ltr'><strong><em>ἐς</em></strong></span> <span class='ocrx_word' id='word_1_283' title='bbox 1083 3817 1281 3902; x_wconf 86' lang='grc' dir='ltr'><strong><em>κόρον</em></strong></span> <span class='ocrx_word' id='word_1_284' title='bbox 1348 3816 1543 3886; x_wconf 71' lang='grc' dir='ltr'><strong><em>ἔπιον</em></strong></span> <span class='ocrx_word' id='word_1_285' title='bbox 1601 3821 1719 3905; x_wconf 86' lang='grc' dir='ltr'><strong><em>τῆς</em></strong></span> <span class='ocrx_word' id='word_1_286' title='bbox 1768 3820 2024 3905; x_wconf 84' lang='grc' dir='ltr'><strong><em>βαφῆς,</em></strong></span> <span class='ocrx_word' id='word_1_287' title='bbox 2088 3817 2365 3904; x_wconf 88' lang='grc' dir='ltr'><strong><em>χρηστοὶ</em></strong></span> 
     </span>
     <span class='ocr_line' id='line_1_36' title="bbox 207 3912 2365 4008; baseline 0 -25"><span class='ocrx_word' id='word_1_288' title='bbox 207 3913 495 4003; x_wconf 75' lang='grc' dir='ltr'><strong><em>ἀκριβῶς</em></strong></span> <span class='ocrx_word' id='word_1_289' title='bbox 555 3912 1112 4008; x_wconf 84' lang='grc' dir='ltr'><strong><em>ἀπετελέσθησαν</em></strong></span> <span class='ocrx_word' id='word_1_290' title='bbox 1167 3916 1429 4006; x_wconf 86' lang='grc' dir='ltr'><strong><em>ἀμιγεῖς</em></strong></span> <span class='ocrx_word' id='word_1_291' title='bbox 1500 3918 1743 4006; x_wconf 78' lang='grc' dir='ltr'><strong><em>ἐτέρων</em></strong></span> <span class='ocrx_word' id='word_1_292' title='bbox 1791 3918 2195 4002; x_wconf 88' lang='grc' dir='ltr'><strong><em>χρωμάτων,</em></strong></span> <span class='ocrx_word' id='word_1_293' title='bbox 2252 3920 2365 3984; x_wconf 82' lang='grc' dir='ltr'><strong><em>καὶ</em></strong></span> 
     </span>
     <span class='ocr_line' id='line_1_37' title="bbox 207 4015 2364 4109; baseline -0 -23"><span class='ocrx_word' id='word_1_294' title='bbox 207 4021 375 4101; x_wconf 90' lang='grc' dir='ltr'><strong><em>πρός</em></strong></span> <span class='ocrx_word' id='word_1_295' title='bbox 426 4046 502 4108; x_wconf 93' lang='grc' dir='ltr'><strong><em>γε</em></strong></span> <span class='ocrx_word' id='word_1_296' title='bbox 555 4020 675 4108; x_wconf 86' lang='grc' dir='ltr'><strong><em>τὴν</em></strong></span> <span class='ocrx_word' id='word_1_297' title='bbox 736 4022 858 4109; x_wconf 86' lang='grc' dir='ltr'><strong><em>σὴν</em></strong></span> <span class='ocrx_word' id='word_1_298' title='bbox 915 4018 1254 4108; x_wconf 73' lang='grc' dir='ltr'><strong><em>ὑποδοχὴν</em></strong></span> <span class='ocrx_word' id='word_1_299' title='bbox 1312 4015 1501 4089; x_wconf 81' lang='grc' dir='ltr'><strong><em>οὗτοι</em></strong></span> <span class='ocrx_word' id='word_1_300' title='bbox 1550 4021 2003 4104; x_wconf 80' lang='grc' dir='ltr'><strong><em>ἑτοιμότατοι·</em></strong></span> <span class='ocrx_word' id='word_1_301' title='bbox 2094 4016 2247 4087; x_wconf 78' lang='grc' dir='ltr'><strong><em>ὅσοι</em></strong></span> <span class='ocrx_word' id='word_1_302' title='bbox 2292 4018 2364 4086; x_wconf 89' lang='grc' dir='ltr'><strong><em>δέ</em></strong></span> 
     </span>
    </p>
   </div>
  </div>
 </body>
</html>
