2867 4525
625 252 885 307 LUGIANI
916 252 1243 307 MAGROBn.
1314 253 1602 308 PATRIAE
1636 255 1997 310 Encomum.
2262 253 2385 313 299

224 448 277 492 c.
348 434 407 489 4.
440 433 795 509 φιλοσοφίᾳ
861 422 1284 506 σχολάζοντες
1348 455 1434 479 =
1490 428 1878 510 philosophiae
1943 448 2176 502 vacare,
2255 449 2384 511 ope·

400 550 530 592 ram
576 531 732 592 dare.

225 654 281 695 o.
356 639 414 695 5.
443 629 562 714 τὴν
605 635 818 696 αἰτίαν
864 676 879 692 .
913 674 928 690 .
962 675 977 691 .
1024 635 1483 713 προστιθέντες
1527 633 1870 712 adserentes.
1944 636 2183 696 Rectius
2228 657 2383 716 προ·

443 737 727 811 τιθέντες
767 733 1142 811 proferentes
1184 736 1227 795 i.
1273 754 1326 796 e.
1370 735 1728 813 profitentes.

226 858 281 899 c.
354 844 411 899 6.
442 833 605 902 κατὰ
661 844 877 901 πᾶσαν
932 832 1069 918 τὴν
1124 845 1243 919 γῆν
1287 833 1311 919 fl
1356 838 1475 900 del.
1532 833 1675 920 τὴν
1721 838 1864 901 Oob.
1910 843 1974 901 ut
2027 841 2207 917 paulo
2250 844 2388 917 post

443 934 606 1004 κατὰ
653 935 865 1004 πάντα
909 937 1089 1020 α’έρα.

225 1063 281 1104 o.
314 1049 411 1105 10.
442 1037 987 1119 καλλατιανὸς
1020 1043 1038 1122 ΙΙ
1073 1049 1466 1119 καλακττνος
1511 1042 1656 1105 Oob.

226 1165 280 1206 c.
317 1151 407 1209 15.
446 1140 591 1209 ἀπὸ
636 1141 1096 1226 Σαραυράκων
1137 1151 1427 1209 Σκυθῶν
1472 1151 1812 1226 καταχθείς
1843 1143 1869 1228 ΙΙ
1896 1142 2028 1210 ὑπὸ
2073 1146 2213 1208 coh.

227 1268 283 1310 ο.
321 1253 412 1313 16.
449 1252 789 1326 καταχθεὶς
832 1244 985 1311 ἀπὸ
1028 1255 1108 1312 Π.
1142 1242 1165 1329 ΙΙ
1196 1243 1329 1311 ὑπὸ
1374 1245 1519 1310 coh.

227 1371 275 1415 c.
317 1355 412 1411 17.
444 1345 856 1430 ἱππομᾶχων
901 1346 925 1430 ΙΙ
972 1392 988 1409 .
1034 1393 1050 1409 .
1093 1356 1370 1429 μαχῶν
1414 1349 1559 1412 coh.
1605 1385 1691 1394 -
1733 1347 2118 1430 πεζομάχων
2150 1348 2174 1429 ss
2204 1353 2387 1430 πεζο-

369 1518 374 1519 ι
443 1451 694 1533 μαχῶν
739 1451 885 1516 Oob.

227 1575 281 1616 c.
317 1558 412 1616 18.
457 1555 654 1618 ἐτῶν
708 1549 990 1633 γεγονὼς
1032 1577 1122 1617 τε
1150 1570 1187 1616 σ
1217 1548 1377 1633 σάρ
1404 1575 1459 1617 ω
1487 1576 1527 1617 ν
1569 1558 1679 1617 καὶ
1723 1548 1957 1617 ἑκατὸν
1988 1549 2013 1635 ΙΙ
2045 1549 2176 1634 ἔτη
2220 1555 2385 1617 τέτ-

445 1679 644 1737 ταρα
688 1656 830 1717 Cob.

644 1906 1009 1975 LUOIANI
1054 1906 1432 1973 PATRIAE
1478 1903 1965 1974 ENOOMIUM.

452 2047 584 2110 Cod.
636 2046 789 2108 Gorl.
817 2073 904 2098 ===
933 2042 981 2106 A
1253 2044 1385 2109 God.
1445 2044 1565 2108 Vat.
1619 2051 1779 2108 1324
1825 2045 2157 2124 (Gramen).

230 2188 283 2229 c.
353 2171 410 2233 2.
443 2172 551 2231 καὶ
595 2163 633 2231 ὃ
678 2173 981 2243 τοιοῦτος
1026 2164 1215 2247 δῆλός
1260 2167 1435 2230 ἐστιν
1480 2161 1840 2246 ἀχθόμενος
1884 2163 1967 2230 ἂν
1999 2162 2022 2248 ΙΙ
2053 2167 2148 2228 De
2194 2164 2277 2231 ἂν
2307 2167 2384 2228 of.

446 2290 599 2348 quae
658 2254 907 2348 eprsui
951 2271 1025 2331 de
1068 2271 1346 2332 liberiore
1390 2271 1516 2330 eius
1559 2288 1696 2350 usu,
1750 2272 1806 2330 si
1843 2270 1998 2347 sorte
2040 2288 2207 2349 aeyre
2249 2272 2388 2349 fert.

230 2394 278 2439 c.
353 2379 409 2439 6.
444 2370 594 2438 ου’δὲ
651 2368 904 2449 πόλεως
962 2363 1174 2449 ὄνομα
1227 2367 1325 2453 μὴ
1371 2415 1388 2430 .
1438 2415 1453 2431 .
1496 2367 1734 2449 μαθών
1776 2367 1801 2453 fl
1845 2376 1916 2435 εἰ
1952 2368 2048 2453 μὴ
2095 2372 2261 2434 det.
2306 2408 2392 2418 —

443 2481 552 2539 καὶ
596 2482 819 2557 φωνῆς
866 2517 882 2534 .
928 2525 943 2539 .
990 2467 1231 2556 ἤρξατο
1290 2469 1598 2557 ἐπιχώρια
1642 2482 1868 2556 πρῶτα
1924 2482 2148 2539 λαλεῖν
2200 2499 2392 2553 μαν-

443 2576 542 2643 θά
555 2601 715 2642 νων
747 2576 771 2657 ΙΙ
803 2597 918 2639 om.
960 2584 1160 2654 μανθ.
1204 2576 1372 2639 det.

232 2698 283 2741 c.
354 2686 416 2741 9.
447 2676 660 2757 πόθος
704 2669 748 2741 ὃ
772 2686 886 2760 τῆς
916 2683 1225 2761 πατρίδος
1257 2675 1281 2761 ΙΙ
1311 2698 1442 2740 om.
1474 2668 1513 2742 ὃ
1552 2681 1711 2739 1324

233 2801 286 2843 c.
319 2789 417 2844 10.
449 2796 589 2859 τοῖς
631 2779 900 2863 ἅληθῶ
913 2806 947 2858 ς
989 2787 1337 2863 γνησίοις
1380 2785 1676 2857 πολίταις
1708 2778 1732 2860 ΙΙ
1764 2799 1881 2841 om.
1925 2786 2211 2862 γνησίοις
2241 2780 2387 2843 Oob.

446 2919 528 2931 —
575 2881 724 2949 κᾶν
769 2881 1064 2965 α’πορῶσι
1096 2882 1120 2964 Η
1152 2889 1281 2948 καὶ
1327 2880 1423 2948 ἂν
1459 2881 1756 2964 ἀπορῶσι
1785 2882 1950 2945 det.
1984 2880 2133 2947 κᾶν
2163 2884 2388 2948 ἴδωσιν

448 2988 707 3070 ἑτέρους
750 2989 1269 3064 σεμνυνομένους
1301 2985 1326 3066 ΙΙ
1357 2992 1489 3051 καὶ
1546 2982 1628 3051 ἂν
1675 2986 1915 3051 ἴδωσιν.
1963 2986 2130 3049 det.
2173 2985 2264 3048 cf.
2312 2987 2390 3047 ad

446 3092 552 3151 Bis
595 3107 792 3150 aecus.
848 3097 899 3150 1.

234 3212 286 3252 c.
319 3199 416 3254 11.
446 3189 585 3257 κᾶν
636 3189 801 3273 παρ’
844 3183 1071 3269 ἄλλοις
1115 3188 1521 3268 εὐδαιμονεῖν
1564 3187 1830 3272 δυ’νηται
1871 3187 1895 3275 ΙΙ
1936 3196 2070 3255 καὶ
2113 3188 2197 3256 ἂν
2241 3241 2255 3256 .
2304 3241 2319 3256 .
2369 3240 2382 3254 .

449 3291 715 3377 δύνηται
758 3293 924 3356 det.

236 3416 287 3457 c.
320 3401 412 3462 12.
449 3400 512 3462 οἱ
557 3395 1003 3474 πιστευόμενοι
1059 3394 1175 3473 τὰς
1233 3402 1632 3479 στρατηγίας.
1708 3394 1799 3457 cf.
1844 3395 1937 3455 De
1982 3396 2284 3456 calumnia
2331 3397 2388 3454 2.

448 3495 570 3581 τὴν
621 3505 929 3581 Φοινίκην
975 3500 1532 3580 ἐπιτετραμμένον.
