2867 4525
479 280 602 339 146
1306 319 1317 329 .
1377 271 1755 328 ΔΟΥΚΙΑΝΟΥ
1830 276 1835 280 ’

474 448 661 528 τινὸς
733 442 914 516 οῦδὲ
958 447 1120 532 περὶ
1185 441 1270 511 τὰ
1345 436 1820 530 εῦμορφότατα
1895 441 2209 529 ἐρωτικοῦ
2279 441 2355 509 τὸ
2416 440 2639 528 ἔργον,

479 551 786 639 ἀγροικία
818 550 890 618 δὲ
916 546 1138 637 πολλὴ
1168 549 1284 614 καὶ
1316 538 1764 630 ἀπειροκαλία
1793 545 1903 612 καὶ
1921 550 2221 631 ,προσέτι
2245 569 2321 631 γε
2352 541 2640 629 ἀμουσία

475 658 611 723 τῶν
638 649 931 743 ἡδίστων
964 646 1163 717 αὑτὸν
1196 643 1533 728 ἀπαξιοῦν
1562 649 1839 715 καὶτῶν
1868 648 2240 716 καλλίστων
2273 639 2639 725 ἀποξενοῦν

476 758 590 826 καὶ
632 754 724 845 μὴ
771 757 1068 821 συνιέναι
1110 746 1204 829 ὥς
1249 743 1379 833 οὐχΔ
1408 745 1445 817 6
1493 748 1695 828 αὐτὸς
1742 752 1902 835 περὶ
1944 747 2030 816 τὰ
2073 748 2397 833 θεάματα
2442 748 2643 834 νόμος

479 850 785 980 ἰδιώταις
826 880 901 923 τε
941 855 1052 922 καὶ
1098 851 1670 936 πεπαιδευμένοις
1715 846 2068 936 ἀνδράσιν,
2125 849 2308 918 ἀλλὰ
2339 862 2485 929 τοῖς
2523 848 2643 935 μὲν

481 954 743 1047 ἀπόχρη
786 956 863 1025 τὸ
923 954 1148 1024 κοινὸν
1202 957 1402 1022 τοῦτο
1448 953 1617 1022 ἰδεῖν
1658 952 1879 1039 μόνον
1880 954 2030 1020 καὶ
2072 954 2497 1040 περιβλέψαι
2534 954 2645 1021 καὶ

475 1059 571 1127 τιὸ
620 1053 990 1149 οφθαλμώ
998 1069 1444 1145 περιενεγκεῖν
1485 1057 1598 1123 καὶ
1629 1053 1804 1141 πρὸς
1839 1053 1960 1142 τὴν
1994 1048 2258 1145 ὀροφὴν
2303 1048 2646 1141 ἀνακῦψαι

477 1164 591 1231 καὶ
632 1160 752 1251 τὴν
789 1169 997 1248 χεῖρα
1057 1158 1401 1228 επισεῖσαι
1444 1159 1558 1225 καὶ
1599 1159 1768 1224 καθ’
1827 1152 2105 1245 ἡσυχίαν
2160 1153 2463 1247 ἡσθῆναι
2512 1158 2643 1225 δέει
2661 1175 2733 1227 191

476 1266 598 1334 τοῦ
654 1262 744 1349 μὴ
807 1289 888 1330 αν
948 1261 1320 1351 δυνηθῆναι
1378 1255 1568 1339 αξιόν
1608 1284 1679 1328 τι
1727 1262 1863 1327 τῶν
1916 1262 2354 1345 βλεπομένων
2412 1259 2646 1341 εἰπεῖν,

481 1389 671 1443 οστις
715 1365 789 1433 δὲ
831 1363 1001 1449 μετὰ
1045 1358 1431 1440 παιδείαςε
1396 1365 1526 1450 ορᾷ
1554 1360 1655 1429 τὰ
1649 1361 1868 1445 καλά,
1914 1356 2032 1430 οῦκ
2078 1389 2177 1445 αν,
2224 1358 2439 1446 οἶμαι,
2487 1354 2648 1447 ἀγα·
2724 1425 2731 1430 .

479 1467 760 1556 πήσειεν
818 1462 984 1553 οψει
1038 1464 1246 1553 μόνῃ
1274 1457 1806 1550 καρπωσάμενος
1862 1462 1940 1531 τὸ
2007 1463 2319 1551 τερπνὸν
2355 1456 2507 1531 οὔδ’
2571 1489 2650 1530 αν

409 1637 415 1641 ,
481 1566 913 1656 ὑπομείναι’
869 1592 1143 1656 αφωνος
1163 1565 1420 1652 θεατὴς
1440 1592 1561 1634 του
1532 1565 1864 1645 κάλλους
1884 1570 2226 1652 γενέσθαι,
2248 1565 2651 1649 πειράσεται

482 1672 556 1740 δὲ
600 1667 693 1752 ὥς
738 1670 885 1741 οἶόν
925 1695 1000 1738 τε
1042 1672 1155 1738 καὶ
1200 1668 1634 1762 ἐνδιατρῖψαι
1661 1670 1775 1737 καὶ
1820 1667 1997 1757 λόγῳ
2042 1665 2491 1756 ἀμείψασθαι
2532 1665 2650 1755 τὴν

406 1789 448 1846 3
483 1779 676 1842 θέαν.
764 1780 825 1842 3.
869 1768 911 1861 ἡ
972 1773 1044 1840 δὲ
1102 1766 1351 1860 ἀμοιβὴ
1410 1764 1532 1839 οῦκ
1586 1769 1867 1849 ἔπαινος
1921 1773 2044 1838 τοῦ
2087 1770 2272 1840 οἴκου
2315 1764 2526 1856 μόνον
2568 1808 2652 1820 -

480 1879 681 1943 τοῦτο
721 1875 843 1959 μὲν
886 1872 1015 1961 γὰρ
1059 1874 1228 1953 ἰ’σως
1259 1874 1488 1961 ἐκείνῳ
1531 1876 1630 1960 τῷ
1667 1867 1959 1961 νησιώτῃ
2003 1879 2328 1961 μειρακίῳ
2374 1872 2649 1958 έπρεπε,

478 1974 602 2061 τὴν
661 1975 1021 2051 Μενελάου
1080 1976 1298 2044 οἰκίαν
1343 1971 1996 2100 ὑπερεκπεπλῆχθαι
2051 1978 2164 2043 καὶ
2221 1973 2399 2063 πρὸς
2450 1973 2540 2041 τὰ
2584 1973 2652 2041 ἐν

481 2070 746 2165 οὗρανῴ
799 2076 971 2144 καλὰ
1027 2076 1145 2145 τὸν
1202 2075 1537 2166 ἐλέφαντα
1579 2080 1692 2146 καὶ
1741 2076 1859 2147 τὸν
1910 2076 2155 2163 χρυσὸν
2201 2070 2408 2199 αὑτῆς
2453 2069 2653 2144 ἀπει-

479 2178 720 2261 κάζειν,
769 2172 886 2247 άτε
928 2179 1135 2270 μηδὲν
1182 2178 1250 2248 ἐν
1294 2182 1379 2298 γῇ
1406 2179 1611 2248 καλόν
1657 2205 1724 2247 τι
1770 2175 1933 2247 ἄλλο
1978 2178 2305 2269 ἑωρακότι
2348 2217 2436 2227 -·
2480 2171 2650 2244 ἀλλὰ

479 2284 593 2350 καὶ
636 2281 713 2349 τὸ
763 2281 979 2350 εἰπεῖν
1025 2281 1094 2349 ἓν
1141 2276 1324 2368 αύτῷ
1366 2277 1481 2351 καὶ
1529 2280 1688 2361 τοὺς
1728 2284 2118 2368 βελτίστους
2161 2284 2654 2369 συγκαλέσαντα

480 2377 695 2470 λόγων
740 2382 1069 2462 ἐπίδειξιν
1099 2382 1538 2470 ποιήσασθαι
1564 2384 1768 2472 μέρος
1806 2387 1927 2452 τοῦ
1972 2384 2255 2452 ἐπαίνου
2297 2387 2413 2453 καὶ
2455 2386 2653 2452 τοῦτο

478 2477 725 2572 γένοιτ’
790 2479 892 2552 άν.
980 2483 1215 2552 καὶτὸ
1262 2488 1543 2572 πρᾶγμα
1585 2482 2063 2576 ὑπερήδιστον,
2111 2482 2322 2571 οἶμαι,
2369 2485 2574 2554 οἴκων
2617 2480 2652 2554 o‘

440 2661 450 2666 ,
478 2585 832 2665 κάλλιστος
877 2585 974 2664 εἷς
1001 2581 1340 2675 ὑποδοχὴν
1369 2586 1582 2675 λόγων
1612 2582 2174 2674 ἀναπεπταμένος
2215 2591 2329 2657 καὶ
2373 2586 2655 2657 ἐπαίνου

479 2691 592 2758 καὶ
625 2680 959 2779 εὐφημίας
988 2687 1233 2773 μεστὸς
1277 2684 1391 2771 ὤν,
1434 2683 1650 2778 ἠρέμα
1679 2692 1791 2759 καὶ
1835 2685 2040 2770 αῦτδς
2067 2690 2298 2779 ὥσπερ
2328 2689 2416 2757 τὰ
2448 2687 2656 2777 ἄντρα

484 2794 870 2880 συνεπηχῶν
913 2793 1027 2858 καὶ
1069 2804 1216 2870 τοῖς
1260 2792 1642 2877 λεγομένοις
1685 2795 2228 2877 παρακολουθῶν
2271 2795 2385 2862 καὶ
2430 2818 2657 2882 παρα-

481 2900 718 2963 τείνων
772 2892 859 2960 τὰ
914 2894 1265 2960 τελευταῖα
1319 2897 1440 2981 τῆς
1496 2897 1725 2983 φωνῆς
1781 2896 1893 2961 καὶ
1949 2909 2095 2974 τοῖς
2150 2890 2467 2974 ὑστάτοις
2523 2897 2656 2961 τῶν

482 2996 695 3082 λόγων
727 2994 1177 3081 ἐμβραδύνων,
1222 2997 1478 3087 μᾶλλον
1511 2995 1584 3062 δὲ
1614 2991 1706 3075 ὥς
1742 2990 1826 3064 ἀν
1854 3021 1960 3075 τις
1990 2991 2295 3087 ευμαθὴς
2326 2990 2654 3084 ἀκροατὴς

481 3091 1028 3184 διαμνημονεύων
1071 3095 1156 3163 τὰ
1203 3095 1516 3185 εἰρημένα
1546 3101 1673 3167 καὶ
1715 3097 1832 3165 τὸν
1879 3101 2154 3185 λέγοντα
2198 3098 2499 3169 έπαινων
2545 3102 2654 3167 καὶ

482 3191 827 3267 ἀντίδοσιν
881 3191 1000 3264 οὐκ
1056 3193 1352 3283 ἀμουσον
1409 3200 1815 3285 ποιούμενος
1871 3199 2048 3286 πρὸς
2102 3194 2310 3268 αὐτά·
2384 3199 2539 3269 οἶόν
2589 3227 2657 3269 τι

480 3300 823 3385 πάσχουσι
880 3299 1058 3388 πρὸς
1110 3299 1196 3367 τὰ
1245 3294 1594 3386 αῦλήματα
1651 3327 1786 3372 των
1840 3307 2184 3388 ποιμένων
2244 3304 2317 3371 αἱ
2374 3304 2658 3372 σκοπιαὶ

482 3401 900 3472 ἐπαυλοῦσαι
942 3406 1061 3492 τῆς
1105 3406 1335 3491 φωνῆς
1366 3401 1774 3492 ἐπανιούσης
1801 3404 1972 3472 κατὰ
2015 3403 2092 3472 τὸ
2128 3398 2499 3475 ἀντίτυπον
2543 3406 2657 3473 καὶ

480 3504 658 3592 πρὸς
704 3500 907 3594 αὑτὴν
938 3499 1521 3595 ἀναστρεφούσης·
1566 3506 1636 3573 οἱ
1667 3507 1740 3573 δὲ
1771 3505 2042 3575 ἰδιῶται
2083 3506 2433 3593 νομίζουσι
2476 3533 2657 3590 παρ-

480 3612 689 3675 θένον
731 3607 884 3675 τινὰ
915 3604 1090 3676 εἶναι
1115 3606 1237 3694 τὴν
1268 3603 1713 3694 ἀμειβομένην
1748 3608 1906 3687 τοῦς
1950 3598 2323 3699 ᾄδοντας
2278 3636 2319 3699 η
2351 3613 2657 3695 βοῶντας

482 3709 550 3776 ἐν
594 3713 830 3793 μέσοις
871 3735 1010 3778 που
1039 3724 1184 3789 τοῖς
1225 3724 1543 3799 κρημνοῖς
1569 3721 2008 3780 κατοικοῦσαν
2047 3713 2159 3779 καὶ
2206 3712 2547 3780 λαλοῦσαν
2590 3710 2658 3779 ἐκ

409 3829 451 3883 4
485 3813 621 3877 τῶν
650 3815 913 3896 πετρῶν
944 3811 1245 3880 ένδοθεν.
1310 3819 1373 3879 4.
1399 3805 1610 3898 ἔμοιγ’
1649 3797 1766 3880 οῦν
1789 3812 1973 3880 δοκεῖ
1988 3816 2100 3881 καὶ
2132 3815 2656 3903 συνεξαίρεσθαι
2673 3831 2745 3884 192

484 3912 669 3981 οἴκου
727 3913 1130 4002 πολυτελείᾳ
1185 3909 1225 4001 ἢ
1288 3916 1410 3980 τοῦ
1461 3915 1765 3999 λέγοντος
1819 3913 2044 4003 γνώμη
2097 3917 2210 3983 καὶ
2266 3913 2444 4004 πρὸς
2500 3914 2658 3994 τοῦς

487 4010 722 4100 λόγους
778 4011 1282 4099 επεγείρεσθαι,
1338 4013 1657 4103 καθάπερ
1702 4042 1771 4085 τι
1825 4018 1938 4084 καὶ
1980 4012 2501 4106 ὑποβαλλούσης
2541 4019 2659 4104 τῆς
