2867 4525
467 264 546 321 26
1332 260 1743 323 [ΛΟΥΚΙΑΝΟΥ]

464 434 649 511 τινὸς
694 429 868 499 εἶναί
913 453 1023 497 σοι
1069 430 1280 516 δοκεῖ,
1334 433 1445 497 καὶ.
1497 433 1710 495 ταῦτα
1752 433 1872 495 τοῦ
1915 426 2387 515 γενναιοτάτου
2434 430 2634 497 Πλά-

465 559 676 611 τωνος
724 529 966 599 οὑτωσὶ
1029 534 1354 619 λέγοντος.
1432 534 1570 597 Τοῦ
1625 532 1985 615 μέλλοντος
2039 525 2489 599 ἑστιάσεσθαι
2533 531 2753 620 μὴ844

465 638 851 723 μαγειρικοῦ
895 630 1120 715 ὄντος,
1184 633 1660 722 σκευαζομένης
1704 638 1947 722 θοίνης
1994 633 2356 721 ἀκυροτέρα
2400 630 2440 722 ἦ
2488 640 2635 720 κρί-

399 753 435 806 6
472 762 613 821 mg,-
686 744 743 805 6.
791 734 898 804 ὅτι
940 761 1015 823 γε
1055 735 1186 823 μὴν
1234 729 1349 803 οὖκ
1394 736 1464 802 ἐκ
1506 735 1949 823 καταλήψεως
1991 736 2216 819 μόνον,
2266 731 2434 802 ἀλλὰ
2472 760 2638 823 συγ-

464 843 996 927 γεγυμνασμένης
1050 838 1230 905 ἐστὶν
1284 836 1324 927 ἡ
1393 832 1825 924 παρασιτική,
1893 837 2153 922 μάθοις
2213 827 2292 904 ἂν
2354 836 2640 905 ἐνθένδε

467 942 746 1031 ῥᾳδίως·
839 943 910 1007 αἱ
953 942 1075 1024 μὲν
1131 941 1256 1027 γὰρ
1311 944 1448 1006 τιῦν
1508 936 1726 1006 ἄλλων
1769 943 2015 1023 τεχνῶν
2057 940 2471 1025 καταλήψεις
2513 944 2639 1007 καὶ

465 1041 716 1130 ἡμέρας
781 1047 892 1110 καὶ
967 1043 1202 1121 νύκτας
1265 1044 1376 1109 καὶ
1446 1045 1659 1129 μῆνας
1723 1045 1836 1109 καὶ
1902 1041 2244 1121 ἐνιαυτοὺς
2300 1041 2641 1121 πολλάκις

471 1141 1002 1233 ἀσυγγύμναστοι
1059 1150 1364 1229 μένουσι,
1416 1147 1531 1211 καὶ
1576 1137 1759 1228 ὅμως
1812 1137 1928 1210 οὐκ
1974 1138 2391 1213 ἀπόλλυνται
2435 1144 2637 1231 παρὰ

465 1263 608 1327 τοῖς
651 1257 1073 1336 κεκτημένοις
1119 1248 1190 1314 αἱ
1233 1252 1476 1330 τέχναι,
1520 1242 1559 1333 ἡ
1611 1246 1684 1313 δὲ
1727 1250 1846 1313 τοῦ
1891 1252 2273 1331 παρασίτου
2316 1246 2637 1333 [καταλή-

467 1349 649 1438 ψεις]
701 1350 759 1418 εἰ
802 1349 892 1438 μὴ
940 1343 1105 1416 καθ’
1158 1347 1408 1437 ἡμέραν
1458 1349 1558 1438 ειή
1607 1374 1675 1416 εν
1717 1356 2069 1437 γυμνασίᾳ,
2126 1343 2500 1417 ἀπόλλυσιν
2549 1343 2636 1416 οὗ

399 1454 689 1539 7μόνον,
726 1449 934 1536 οἶμαι,
965 1451 1085 1541 τὴν
1114 1456 1361 1539 τέχνην,
1396 1444 1567 1517 ἄλλα
1590 1453 1701 1516 καὶ
1728 1449 1927 1519 αὐτὸν
1951 1450 2068 1518 τὸν
2091 1458 2410 1540 τεχνίτην.
2458 1459 2516 1519 7
2548 1453 2637 1518 τό

464 1582 539 1643 γε
580 1555 726 1645 μήν,
770 1552 946 1639 πρός
989 1580 1057 1620 τι
1102 1556 1294 1632 τέλος
1339 1575 1693 1640 ευχρηστον
1722 1557 1821 1639 τῷ
1848 1558 1998 1640 βίῳ,
2044 1552 2132 1640 μὴ
2163 1555 2275 1623 καὶ
2306 1559 2554 1637 μανίας
2586 1541 2638 1643 ᾖ

469 1660 703 1748 ζητεῖν.
790 1655 915 1742 εγώ
962 1655 1085 1743 γὰρ
1117 1659 1237 1722 τοῦ
1269 1670 1508 1744 φαγεῖν
1537 1658 1650 1722 καὶ
1680 1659 1798 1721 τοῦ
1827 1668 2015 1723 πιεῖν
2049 1648 2238 1722 οὐδὲν
2272 1650 2638 1742 εὐχρηστό-

466 1786 657 1847 τερον
696 1755 976 1843 εὖρίσκω
1023 1759 1090 1826 ὲν
1134 1762 1232 1844 τιῦ
1259 1756 1446 1845 βίω
1421 1754 1517 1839 όν,
1552 1751 1705 1825 ουδὲ
1737 1758 1848 1844 ζῆν
1885 1781 1958 1842 γε
1987 1757 2225 1824 τούτου
2272 1753 2428 1826 α’νευ
2460 1757 2634 1825 ἐστι.

646 1869 855 1929 ΤΥΧ.
902 1860 1096 1927 Πάνυ
1140 1885 1260 1944 μεν
1315 1885 1449 1926 ουν.

400 1979 436 2033 8
644 1969 703 2030 8.
750 1966 971 2031 HAP.
1018 1965 1153 2029 Καὶ
1198 1961 1327 2050 μὴν
1373 1955 1527 2027 ουόε
1571 1961 1875 2030 τοιοῦτόν
1921 1968 1989 2029 τί
2035 1960 2214 2029 εστιν
2252 1959 2291 2051 ἡ
2332 1986 2635 2050 παρασι-

467 2066 613 2153 τικὴ
660 2061 904 2133 ὁποῖον
949 2066 1025 2132 τὸ
1074 2064 1316 2142 κάλλος
1358 2066 1470 2131 καὶ
1515 2059 1555 2151 ἡ
1606 2063 1820 2146 ἰσχύς,
1876 2057 2051 2131 ὥστε
2094 2068 2322 2153 τέχνην
2365 2064 2488 2148 μὲν
2532 2065 2630 2152 μὴ

468 2170 683 2236 δοκεῖν
731 2160 950 2253 αὐτήν,
1000 2166 1278 2250 δύναμιν
1326 2166 1399 2233 δέ
1443 2192 1596 2233 τινα
1639 2165 1971 2254 τοιαύτην.
2646 2181 2732 2231 845

643 2278 851 2338 ΤΥΧ.
903 2265 1172 2358 Ἀληθῆ
1218 2271 1449 2356 λέγεις.

638 2377 855 2440 HAP.
896 2365 1108 2438 ’Λλλὰ
1154 2376 1385 2453 μέντοι
1416 2365 1571 2438 οὐδὲ
1609 2364 1876 2454 ἇτεχνία
1920 2370 2127 2438 ἐστίν·
2191 2368 2231 2459 ἡ
2277 2371 2404 2458 γὰρ
2438 2365 2627 2456 ἄτεχ-

467 2483 577 2544 νία
625 2474 951 2541 οὐδέποτε
1012 2467 1200 2541 οὐδὲν
1256 2479 1591 2561 κατορθοῖ
1638 2477 1737 2560 τῷ
1787 2477 2175 2561 κεκτημένῳ.
2267 2479 2432 2561 φέρε
2474 2472 2627 2561 γάρ,

465 2579 526 2646 εἰ
573 2577 943 2665 ἐπιτρέψαι
985 2601 1090 2654 τις
1134 2575 1352 2663 ἑαυτῷ
1396 2579 1557 2643 ναῦν
1604 2576 1672 2642 ἐν
1702 2574 2011 2662 θαλάττῃ
2054 2578 2167 2642 καὶ
2207 2580 2488 2660 χειμῶνι
2532 2578 2625 2665 μὴ

466 2679 913 2764 ἐπιστάμενος
956 2682 1293 2764 κυβερνᾶν,
1342 2684 1603 2767 σωθείη
1653 2672 1765 2760 13²1,-

643 2790 848 2849 TYX.
904 2774 1039 2864 οὐχ
1085 2775 1296 2860 οὗτος.
2149 2825 2162 2833 ..

635 2888 855 2952 HAP.
910 2888 996 2950 Τί
1042 2883 1118 2970 δή
1165 2907 1352 2963 ποτε,
1398 2872 1442 2968 ἢ
1484 2885 1583 2968 τῷ
1621 2881 1711 2970 μὴ
1746 2881 1916 2964 ἔχειν
1943 2871 2193 2968 τέχνην,
2241 2877 2335 2950 δι’
2387 2876 2469 2972 ἧς
2513 2883 2627 2949 δυ-

466 2987 740 3077 νήσεται
786 2984 1020 3065 σώζειν
1066 2984 1343 3067 ἑαυτόνς

644 3094 849 3154 ΤΥΧ.
896 3089 1030 3154 Καὶ
1077 3086 1279 3171 μάλα.

635 3194 855 3256 ΙΙΛΡ.
910 3183 1161 3258 Ουκοῦν
1220 3190 1332 3256 καὶ
1375 3186 1755 3270 παράσιτος
1810 3182 1942 3253 υπὸ
1990 3189 2108 3276 τῆς
2152 3195 2623 3278 παρασιτικῆς,

467 3293 658 3379 εἴπερ
702 3276 782 3381 ἦν
829 3286 1115 3375 άτεχνία,
1163 3315 1278 3358 ουκ
1325 3280 1405 3355 οἷν
1451 3287 1765 3371 εσώζετο,·

641 3401 848 3462 ΤΥΧ.
895 3398 1055 3460 Ναί.

634 3500 855 3563 ΠΛΡ.
912 3488 1165 3562 Οὐκοῦν
1208 3496 1398 3581 τέχνῃ
1448 3486 1747 3574 σώζεται,
1797 3486 2065 3582 ἀτεχνίᾳ
2110 3494 2182 3561 δὲ
2229 3491 2340 3577 οἰὲ,·

642 3606 847 3666 TYX.
894 3592 1087 3662 Πάνυ
1132 3594 1253 3678 μὲν
1299 3582 1434 3663 οὖν.

635 3703 855 3768 ΠΛΡ.
908 3700 1111 3785 Τέχνη
1159 3689 1291 3781 ἄρα
1336 3696 1517 3764 ἐστὶν
1562 3695 1602 3787 ἡ
1648 3691 2076 3785 παρασιτική.

642 3807 849 3867 ΤΥΧ.
903 3807 1129 3887 Τέχνη,
1176 3795 1268 3878 ὥς
1312 3798 1542 3867 ἔοικεν.

636 3906 854 3969 ΠΛΡ.
914 3901 1049 3967 Καὶ
1103 3898 1233 3988 μὴν
1293 3899 1692 3990 κυβερνήτας
1745 3902 1866 3985 μὲν
1927 3895 2229 3988 ἀγαθοὺς
2278 3904 2388 3968 καὶ
2434 3899 2623 3991 ἡνιό-

460 4027 616 4089 χους
660 4010 958 4086 τεχνίτας
1003 4002 1406 4082 ἐκπεσόντας
1449 4006 1582 4069 τῶν
1629 4003 1889 4090 δίφρων
1928 4000 2082 4071 οἶδα
2113 4002 2237 4090 ἐγώ
2272 4004 2620 4086 πολλάκις,
