2867 4525
499 301 625 359 274
1148 350 1158 362 ,
1252 295 1630 350 ADNOTATIO
1667 293 1938 349 CRITICA.

726 471 1045 549 ἀπιόντες.
1091 473 1349 548 Egregie
1379 474 1575 532 autem
1607 469 1936 546 adpositum
1963 473 2052 529 est
2073 467 2679 551 ἐνεσκευασμένους,

725 577 883 654 quod
940 573 1103 653 ξύλα
1161 575 1331 651 quasi
1386 575 1447 632 in
1494 571 1698 632 habitu
1755 576 1813 631 et
1856 575 2147 649 apparatu
2189 570 2682 650 philosophorum

722 680 1115 740 numerantur.
1157 674 1243 737 Cf.
1266 673 1541 751 Xenoph.
1569 672 1897 749 Cyropaed.
1921 672 2049 733 v11.
2078 677 2134 733 6.
2167 677 2264 733 12.
2291 676 2392 733 52.
2416 707 2502 717 -
2527 671 2684 752 toi-g

724 783 788 844 δὲ
832 778 1399 859 καταπρηςθέντας
1431 772 1455 855 ΙΙ
1486 772 2098 847 καταπτισθέντας.
2151 774 2295 835 001).

510 901 559 941 0.
590 887 685 948 60.
724 886 779 946 εἰ
816 879 902 965 μὴ
949 880 1265 960 αἴσχιον
1309 873 1514 942 ταύτὸ
1558 872 1636 940 τὸ
1679 869 1890 952 ὄνομα
1923 872 1946 958 ΙΙ
1980 872 2264 956 αἰσχρὸν.

1101 1232 1466 1300 LUCIANI
1511 1231 2089 1299 ANACHARSIS.

524 1374 652 1434 (sd.
702 1370 885 1434 Marc.
934 1377 1056 1432 434
1101 1399 1186 1423 -=
1229 1366 1297 1431 Ω
1688 1370 1823 1431 Cod.
1869 1368 2145 1432 Laurent.
2191 1396 2273 1422 ===
2319 1367 2386 1430 Φ
2441 1376 2674 1433 1-16.

516 1474 648 1538 [md.
696 1473 846 1536 Μαι.
900 1479 1122 1535 1-22.
1382 1470 1452 1534 In
1504 1471 1639 1534 God.
1690 1470 1848 1533 Gorl.
1894 1490 2013 1533 non
2055 1483 2152 1533 est.

512 1614 556 1658 u.
636 1602 684 1660 1.
720 1600 983 1658 καίτοι
1041 1596 1459 1672 correctivum,
1516 1610 1633 1669 quo
1689 1591 1766 1650 ad
1820 1594 2184 1668 propositum
2225 1597 2545 1654 revocatur
2588 1627 2677 1638 —-

718 1718 838 1759 κατ
856 1693 872 1717 ’
896 1691 1091 1776 ἀρχὰς
1120 1700 1186 1755 ut
1214 1696 1283 1773 ἐξ
1311 1693 1527 1776 ἀρχῆς,
1559 1686 1672 1758 ἀπ’
1696 1690 1910 1774 ἀρχῆς,
1941 1690 2058 1775 τὴν
2078 1689 2279 1775 ἀρχὴν
2302 1711 2486 1770 saepe
2510 1695 2676 1771 apud

715 1797 1057 1861 Lueianum.
1107 1832 1192 1842 —
1236 1794 1325 1877 ἢν
1386 1800 1410 1859 ἰ
1420 1800 1460 1860 δ
1466 1820 1502 1860 ο
1522 1790 1562 1858 ύ
1605 1821 1687 1845 ==
1732 1814 1803 1856 en
1854 1794 2091 1875 videsis,
2148 1801 2207 1856 et
2247 1797 2439 1857 solum
2483 1783 2567 1878 ἢν
2613 1803 2677 1857 et

717 1897 1090 1975 conjunctum
1135 1895 1242 1980 (ἢν
1278 1893 1444 1975 ἰδού)
1491 1931 1574 1944 -
1617 1891 1936 1978 ἀράμενος
1982 1939 1997 1956 .
2031 1939 2049 1957 .
2095 1898 2171 1961 ἐκ
2213 1911 2359 1962 τοῖν
2406 1906 2672 1963 σκελοῖν

716 1996 962 2080 α’φῆκεν
994 1996 1017 2082 ΙΙ
1050 2019 1159 2067 om.
1211 2000 1279 2064 ἐκ
1326 1997 1467 2065 coh.

508 2126 548 2166 t:
628 2106 678 2166 2.
713 2097 1252 2180 ὑποβαλλόμενος
1296 2100 1320 2181 ΙΙ
1366 2145 1381 2161 .
1427 2152 1442 2165 .
1492 2106 1633 2179 βαλ.
1683 2151 1696 2165 .
1747 2153 1760 2166 .
1811 2098 1878 2162 Φ
1924 2102 2063 2164 coh.
2107 2136 2194 2147 —-
2245 2105 2310 2165 αἱ
2365 2101 2669 2181 ἐγχέλυες

714 2199 765 2286 ΙΙ.
798 2249 811 2263 .
837 2212 998 2282 λεις
1028 2205 1165 2267 Cob.
1198 2237 1283 2248 -—
1311 2199 1524 2281 οὕτως
1554 2203 1820 2282 αἵματος
1851 2201 2051 2289 αύτῷ.
2082 2254 2096 2270 .
2131 2255 2146 2270 .
2182 2201 2668 2285 ἀναπέπλησται

715 2303 792 2370 τὸ
838 2304 1062 2386 στόμα,
1108 2303 1255 2383 πὺξ.
1290 2350 1305 2365 .
1338 2306 1806 2386 παταχθέντος
1836 2307 1911 2383 ές
1941 2302 2059 2387 τὴν
2088 2300 2340 2385 γνάθον
2373 2302 2396 2389 ΙΙ
2428 2326 2551 2367 om.
2587 2308 2665 2384 ἐς

713 2408 857 2470 Cob.
910 2409 1227 2469 Praeterea
1270 2409 1405 2475 Cob.
1470 2413 1755 2487 expungit
1809 2407 1904 2473 αὖ
1920 2415 2024 2494 τῷ
2081 2415 2140 2469 et
2194 2409 2667 2489 παταχθέντος

712 2516 896 2573 mutat
936 2513 998 2571 in
1043 2516 1488 2592 παταχθεὶς
1547 2512 1704 2589 quod
1747 2531 1866 2573 non
1912 2512 2229 2573 concordet
2271 2510 2486 2597 αι’τῷ
2529 2532 2663 2573 cum

714 2617 1283 2695 παταχθέντος.
1362 2616 1479 2677 Sed
1507 2615 1650 2676 ferri
1679 2620 1877 2676 tamen
1904 2619 2103 2692 potest
2130 2619 2195 2676 ut
2225 2615 2383 2693 apud
2413 2616 2663 2677 Latinos

708 2721 769 2779 in
823 2719 1084 2779 ablativo
1138 2719 1407 2780 absoluto
1464 2720 1686 2780 diversi
1738 2737 1910 2780 casus
1962 2719 2211 2779 subiecti
2265 2720 2366 2779 vel
2419 2719 2662 2780 obiecti.

710 2823 787 2883 M.
822 2822 1075 2899 Seyffert
1102 2856 1189 2865 —
1216 2823 1392 2882 Tollo
1421 2825 1617 2882 autem
1649 2839 1779 2881 oum
1811 2819 1954 2882 Oob.
1987 2820 2050 2897 ἐς
2080 2821 2399 2882 seeundum
2426 2824 2664 2883 notissi-

708 2943 861 2989 mum
919 2942 1088 2985 usum
1146 2925 1429 2985 eiusmodi
1470 2925 1783 2984 verborum
1825 2924 1990 2984 velut
2032 2919 2342 3005 ἐξεκόπην
2386 2920 2505 2988 τὸν
2541 2922 2663 3003 όφ-

708 3024 999 3107 θαλμόν,
1045 3023 1325 3108 ἐπλήγην
1368 3022 1488 3090 τὸν
1532 3021 1715 3103 ὦμον
1758 3028 1984 3091 similia.
2035 3061 2119 3070 —
2163 3018 2351 3091 ἄλλοι
2399 3030 2464 3090 δὲ
2513 3071 2530 3087 .
2576 3071 2593 3087 .
2643 3072 2660 3088 .

711 3126 1125 3209 ἀναπηδῶσιν
1185 3124 1400 3209 ὥσπερ
1456 3131 1795 3204 θέοντες
1851 3129 1975 3192 ἐπὶ
2033 3128 2182 3193 τοῦ
2229 3126 2489 3193 αὐτοῦ
2531 3132 2663 3205 μέ-

711 3253 799 3293 νο
818 3253 943 3293 ντε
963 3254 1013 3305 ς.
1101 3231 1237 3290 Non
1296 3234 1386 3291 est
1443 3235 1662 3291 eertum
1721 3230 2017 3306 quoddam
2075 3231 2402 3292 saltationis
2446 3249 2657 3310 genus,

707 3350 900 3409 neque
941 3331 1186 3392 schema
1228 3332 1586 3411 saltationis,
1633 3332 1740 3394 sed
1789 3331 2224 3411 significantur,
2272 3336 2512 3411 opinor,
2567 3334 2661 3393 illi

709 3455 783 3497 ex
827 3436 1033 3498 eodem
1077 3436 1209 3496 loco
1254 3437 1440 3495 saltus
1483 3437 1702 3512 singuli
1737 3436 2001 3517 (φοραί),
2046 3453 2193 3512 quos
2223 3436 2442 3513 gallico
2476 3454 2658 3498 voea-

705 3538 845 3599 bulo
889 3557 999 3599 nos
1042 3538 1285 3598 dicimus
1327 3537 1658 3600 entrechats.

500 3667 548 3703 r.
620 3647 671 3703 [i.
707 3638 788 3723 ἢν
844 3647 1009 3720 γοῦν
1067 3640 1473 3720 ἐνδιατρίψῃς
1535 3690 1550 3705 .
1601 3690 1614 3705 .
1675 3647 1766 3720 τῇ
1799 3636 2047 3706 Ἑλλάδι
2107 3636 2230 3704 οὔκ
2284 3639 2346 3716 ἐς
2396 3636 2657 3721 μακρὰν

708 3742 776 3806 εἶ
790 3767 821 3819 ς
864 3747 969 3806 καὶ
1016 3738 1214 3819 αὐτὸς
1258 3745 1370 3822 ἔσῃ
1415 3749 1550 3806 τῶν
1577 3745 2065 3825 πεπηλωμένων
2097 3738 2120 3824 ΙΙ
2152 3735 2245 3818 εἷς
2289 3742 2434 3802 del.
2464 3740 2651 3821 det.‚

705 3847 986 3905 intrusum
1044 3845 1119 3906 ab
1175 3847 1279 3925 iis,
1339 3848 1441 3922 qui
1499 3864 1616 3905 non
1671 3848 2059 3906 meminerunt
2113 3862 2294 3921 saepe
2340 3846 2653 3921 partitivos

706 3949 997 4024 genitivos
1029 3950 1301 4026 usurpari
1331 3967 1368 4008 a
1396 3948 1682 4028 Luciano,
1727 3968 1847 4009 non
1889 3965 2210 4026 suspensos
2256 3947 2331 4007 ab
2377 3946 2489 4026 εἷς,
2535 3970 2651 4023 τις.

710 4047 795 4109 Cf.
827 4049 1129 4110 Lucianea
1158 4069 1306 4110 mea.
1338 4086 1423 4094 —
1459 4051 1560 4126 ἐμὲ
1593 4100 1607 4115 .
1644 4102 1657 4115 .
1694 4051 1755 4113 εἴ
1790 4075 1886 4128 τις
1915 4101 1929 4116 .
1975 4102 1988 4116 .
2025 4043 2369 4115 τοιοῦτό
2413 4074 2476 4113 τι
2523 4053 2652 4113 δια-
