2867 4525
487 264 614 321 124
1195 250 1198 254 ’
1398 260 1770 314 ΑοΥΚῐΑΝοΥ

487 428 624 518 ὠνῇ
665 437 909 513 ταῦτα,
966 430 1026 497 εἷ
1069 430 1156 515 μὴ
1205 434 1317 498 καὶ
1358 429 1485 509 τὰς
1531 428 1891 516 ἀποθήκας
1939 424 2145 507 αὐτὰς
2188 433 2321 497 τῶν
2363 432 2645 515 βιβλίων

485 532 611 624 ἡγῇ
653 533 1168 602 πεπαιδεῦσθαι
1212 536 1509 600 τοσαῦτα
1544 531 1985 617 περιεχούσας
2030 533 2342 598 παλαιων
2388 525 2645 618 ανδρῶν

489 637 993 725 ξυγγράμματα,·
1045 642 1158 703 καί
1199 661 1348 720 μοι,
1407 635 1468 702 εἰ
1523 636 1733 717 δοκεῖ,
1794 628 2194 721 ἀπόκριναι·
2251 636 2504 718 μᾶλλον
2552 634 2644 721 δέ,

487 740 639 806 ἐπεὶ
694 737 891 805 τοῦτό
953 760 1064 806 σοι
1122 731 1483 819 ἀδύνατον,
1554 735 1906 805 ἐπίνευσον
1969 740 2127 822 γοῦν
2183 725 2224 822 ἢ
2283 730 2648 805 ανάνευσον

487 840 661 929 πρὸς
702 839 790 906 τὰ
836 838 1247 926 ἐρωτώμενα.
1339 839 1406 906 εἴ
1444 864 1548 916 τις
1600 833 1823 906 αὖλεῖν
1867 837 1954 923 μὴ
2004 836 2452 922 ἐπιστάμενος
2493 839 2649 925 κτή-

488 966 682 1011 σαιτο
727 941 883 1020 τοῦς
932 944 1279 1024 Τιμοθέου
1325 936 1569 1019 αύλούς
1623 930 1666 1029 ἢ
1709 941 1863 1019 τοὺς
1897 934 2258 1029 Ἰσμηνίου,
2314 966 2427 1019 ους
2472 940 2647 1008 ἑπτὰ

483 1044 920 1111 ταλάντωνο
898 1036 1293 1130 (Ἰσμηνίας
1350 1041 1418 1108 ἐν
1464 1048 1787 1129 Κορίνθῳ
1846 1041 2163 1129 ἐπρίατο,
2223 1027 2328 1129 ἆρ’
2397 1033 2476 1111 ἂν
2535 1043 2650 1111 διὰ

483 1150 684 1213 τοῦτο
727 1148 840 1212 καὶ
887 1137 1111 1211 αὐλεῖν
1157 1140 1461 1228 δύναιτο,
1501 1134 1545 1230 ἢ
1589 1142 1781 1210 οὐδὲν
1810 1139 2060 1233 οφελος
2106 1138 2288 1232 αυτῷ
2328 1148 2450 1212 τοῦ
2491 1146 2647 1267 κτή-

483 1273 696 1334 ματος
739 1240 857 1314 οῦκ
901 1246 1327 1333 ἐπισταμένῳ
1352 1246 1744 1333 χρήσασθαι
1774 1245 1942 1313 κατὰ
1983 1246 2104 1334 τὴν
2146 1252 2411 1337 τέχνην,
2455 1233 2529 1315 εῦ
2571 1274 2644 1336 γε
2668 1260 2747 1310 104

486 1345 872 1427 ανένευσας·
921 1342 1074 1415 ουδὲ
1116 1347 1242 1435 γὰρ
1286 1346 1444 1427 τοῦς
1476 1342 1810 1434 Μαρσύου
1856 1338 1898 1435 ἢ
1946 1348 2277 1434 Ὀλύμπου
2321 1350 2650 1439 κτησάμε-

486 1477 598 1531 νος
644 1445 992 1538 αὐλήσειεν
1023 1440 1104 1520 ὅῖν
1134 1450 1226 1540 μὴ
1271 1450 1540 1535 μαθών.
1616 1457 1685 1517 τί
1729 1444 1819 1532 δ’,
1868 1452 1935 1517 εἴ
1964 1476 2070 1529 τις
2114 1455 2235 1519 τοῦ
2258 1448 2651 1539 Ἡρακλέους

482 1554 568 1620 τὰ
611 1553 778 1633 τόξα
817 1552 1139 1641 κτήσαιτο
1184 1551 1274 1641 μὴ
1313 1553 1733 1641 Φιλοκτήτης
1764 1548 1873 1634 ὤν,
1919 1548 2011 1630 ὥς
2059 1554 2399 1621 δύνασθαι
2444 1554 2651 1623 ἐντεί-

483 1661 747 1724 νασθαί
788 1680 861 1721 τε
906 1649 1078 1722 αὐτὰ
1123 1657 1232 1722 καὶ
1279 1654 1621 1722 ἐπίσκοπα
1653 1652 1981 1737 τοξεῦσαι,
2027 1661 2097 1723 τί
2141 1679 2251 1723 σοι
2294 1660 2412 1725 καὶ
2458 1651 2652 1736 οὗτος

487 1758 703 1841 δοκεῖ,
747 1741 860 1841 ἆρ’
914 1747 995 1824 ἂν
1042 1756 1530 1836 ἐπιδείξασθαί
1570 1783 1640 1824 τι
1685 1757 1873 1844 ε’ργον
1910 1756 2188 1836 τοξότου
2236 1754 2457 1841 αξιον,·
2502 1752 2651 1827 ἆνέ-

487 1882 724 1936 νευσας
779 1861 890 1926 καὶ
945 1862 1165 1925 τοῦτο.
1261 1858 1431 1925 κατὰ
1493 1851 1704 1925 ταύτὰ
1763 1858 1843 1948 δὴ
1899 1862 2103 1927 καὶο
2068 1856 2479 1947 όκυβερνᾶν
2536 1887 2651 1927 ουκ

488 1959 685 2039 εἰδώς
727 1962 840 2027 καὶ
888 1960 1205 2028 ἱππεύειν
1247 1959 1338 2050 μὴ
1383 1959 1841 2048 μεμελετηκώς
1883 1957 2007 2028 εἰῦ
2054 1962 2177 2046 μὲν
2223 1967 2381 2029 ναῦν
2427 1989 2652 2050 παρα-

487 2063 686 2148 λάβοι
727 2076 871 2141 τοῖς
914 2087 1091 2130 πασι
1134 2066 1245 2130 καὶ
1293 2061 1360 2141 ἐς
1403 2058 1647 2141 κάλλος
1696 2065 1808 2130 καὶ
1854 2062 1952 2141 εἰς
1997 2058 2378 2153 ασφάλειαν
2422 2065 2650 2132 κάλλι-

488 2177 613 2233 στα
671 2165 1207 2253 ἐξειργασμένην,
1267 2191 1301 2231 ο
1367 2164 1439 2231 δὲ
1489 2165 1711 2231 ι’ππον
1767 2166 2085 2253 κτήσαιτο
2133 2168 2379 2257 Μῆδον
2424 2194 2463 2291 η
2510 2193 2653 2234 κεν-

485 2270 804 2356 ταυρίδην
860 2258 902 2354 ἢ
955 2260 1443 2355 κοππαφόρον,
1504 2266 1832 2352 ἐλέγχοιτο
1893 2263 2005 2350 ὂῖν,
2066 2267 2257 2354 οἶμαι
2269 2323 2288 2353 ,
2346 2270 2652 2358 εκάτερος

489 2365 606 2437 οῦκ
637 2369 832 2448 εἰδώς
864 2369 961 2449 εἰς
997 2367 1036 2437 ό
1065 2395 1132 2436 τι
1156 2369 1479 2455 χρήσαιτο
1518 2366 1871 2459 [εκατέρῳ],
1919 2369 2249 2451 ἐπινεύεις
2277 2375 2387 2439 καὶ
2419 2375 2653 2455 τοῦτο,·

487 2478 742 2539 πείθου
797 2469 875 2562 δή
935 2474 1043 2538 καὶ
1101 2470 1297 2538 τοῦτό
1364 2496 1485 2554 μοι
1538 2469 1923 2554 ἐπίνευσον,
1994 2474 2061 2540 εἴ
2121 2499 2223 2552 τις
2279 2466 2511 2559 ὥσπερ
2571 2471 2647 2540 σὺ

490 2568 899 2652 ἀπαίδευτος
943 2563 1036 2641 ὢν
1082 2567 1320 2640 ὠνοῖτο
1367 2571 1589 2639 πολλὰ
1618 2574 1872 2658 βιβλία,
1920 2569 1996 2641 ού
2044 2575 2412 2660 σκώμματα
2459 2571 2649 2654 οὗτος

489 2677 584 2754 εἰς
615 2671 1065 2744 ἀπαιδευσίαν
1109 2669 1270 2742 καθ’
1324 2674 1566 2742 ἑαυτοῦ
1602 2673 1896 2764 ἐκφέρεις
1938 2682 2009 2744 τί
2036 2671 2250 2756 ὀκνεῖς
2293 2680 2405 2746 καὶ
2452 2682 2647 2746 τοῦτο

487 2777 850 2862 ἐπινεύειν,
897 2779 1154 2865 ἔλεγχος
1182 2777 1326 2864 γάρ,
1375 2774 1585 2862 οἶμαι,
1633 2777 1857 2868 σαφὴς
1897 2773 2088 2858 οὗτος
2116 2781 2227 2846 καὶ
2258 2784 2391 2846 τῶν
2436 2775 2643 2867 ὄρών-
2667 2799 2743 2849 105

487 2906 619 2947 των
665 2880 941 2958 ἕκαστος
970 2875 1177 2958 εὐθὺς
1219 2879 1293 2946 τὸ
1329 2880 1852 2966 προχειρότατον
1884 2881 2089 2949 ἐκεῖνο
2137 2881 2648 2970 ἐπιφθέγγεται,

419 2995 451 3043 fl
491 2991 559 3047 τὲ
598 2985 741 3050 κυνὶ
785 2985 897 3049 καὶ
939 2983 1316 3068 βαλανείῳ,·
1372 2987 1430 3049 6.
1476 2984 1589 3049 καὶ
1635 2982 1887 3069 ἐγένετό
1939 3007 2043 3062 τις
2088 2978 2163 3052 οὗ
2210 2983 2343 3072 πρὸ
2393 2986 2650 3052 πολλοῦ

491 3083 555 3147 ἐν
603 3078 805 3171 Ἀσίᾳ
857 3083 1183 3160 πλούσιος
1243 3076 1408 3172 ἀνὴρ
1468 3082 1537 3149 ἐκ
1597 3088 1947 3172 συμφορᾶς
2006 3087 2438 3174 α’ποτμηθεὶς
2494 3086 2650 3164 τοῦς

491 3184 708 3263 πόδας
739 3178 1164 3274 ἀμφοτέρους
1185 3181 1322 3252 ὑπὸ
1346 3185 1599 3269 κρύους,
1632 3183 1841 3270 οἶμαι,
1876 3180 2377 3271 ἀποσαπέντας,
2412 3188 2649 3274 ἐπειδή

491 3311 657 3353 ποτε
702 3284 815 3353 διὰ
853 3286 1081 3370 χιόνος
1124 3283 1575 3374 ὁδοιπορῆσαι
1631 3287 1861 3377 ξυνέβη
1909 3287 2125 3377 αὐτῷ·
2185 3284 2380 3368 οὗτος
2423 3295 2649 3356 τοίνυν

487 3392 682 3456 τοῦτο
726 3389 848 3472 μὲν
895 3389 1180 3458 ἐλεεινὸν
1226 3389 1607 3458 ἐπεπόνθει
1649 3393 1761 3457 καὶ
1797 3392 2197 3479 θεραπεύων
2241 3391 2362 3480 τὴν
2409 3393 2649 3459 δυστυ-

483 3499 634 3571 χίαν
681 3492 980 3571 ξυλίνους
1026 3491 1246 3571 πόδας
1289 3499 1655 3580 πεποίητο,
1709 3494 1821 3560 καὶ
1865 3493 2142 3572 τούτους
2186 3491 2649 3578 ὑποδούμενος

491 3594 785 3680 ἐβάδιζεν
842 3593 1430 3684 ἐπιστηριζόμενος
1498 3587 1637 3678 ἅμα
1701 3608 1847 3672 τοῖς
1914 3595 2236 3675 οἰκέταις·
2307 3595 2515 3665 ἐκεῖνο
2577 3596 2647 3662 δὲ

487 3697 744 3780 γελοῖον
769 3694 1007 3779 ἐποίει,
1039 3696 1371 3785 κρηπῖδας
1397 3693 1525 3782 γὰρ
1557 3697 1917 3775 καλλίστας
1946 3696 2216 3766 ἐωνεῖτο
2248 3699 2650 3788 νεοτμήτους

494 3792 614 3875 ἀεί,
659 3799 769 3864 καὶ
812 3796 931 3884 τὴν
973 3801 1295 3887 πλείστην
1327 3805 1792 3885 πραγματείαν
1837 3802 1994 3888 περὶ
2023 3800 2273 3878 ταύτας
2319 3796 2511 3884 εἶχεν,
2558 3795 2647 3876 ὡς
2839 3877 2840 3888 ¹

487 3897 868 3974 καλλίστοις
927 3893 1320 3988 ὑποδήμασι
1382 3905 1837 3988 κεκοσμημένα
1896 3902 1999 3990 εἰἠ
2068 3896 2249 3989 αῦτη
2313 3900 2398 3968 τὰ
2463 3901 2644 3981 ξύλα,
2835 3889 2841 4024 A

495 3998 584 4084 ini
642 3996 849 4075 πόδες
907 3997 1033 4086 δή.]
1123 3995 1198 4067 οῦ
1256 4027 1467 4068 ταυτα
1526 4028 1641 4069 ουν
1696 4005 1807 4070 καὶ
1869 4002 1948 4070 σὺ
1994 4018 2221 4082 ποιεῖς
2260 4001 2481 4092 χωλὴν
2524 4003 2647 4088 μὲν
