2867 4525
929 244 1105 303 ΠΡΟΣ
1138 247 1272 301 ΤΟΝ
1307 247 1744 304 ΑΠΑΙΔΕΥΤΟΝ.
2287 253 2409 313 129

238 413 499 506 ἄγριον,
545 424 740 508 φασί,
783 417 976 505 παρὰ
1019 418 1296 487 πάντων
1341 416 1511 501 ἔχεις
1555 416 1674 487 ἐπὶ
1714 422 1799 509 τῇ
1829 419 2170 510 βδελυρίᾳ,
2216 417 2308 502 ὥς
2350 422 2412 492 εἰ

237 520 594 599 τοιούτους
650 514 1087 608 ἀπειργάζετο
1144 517 1231 587 τὰ
1273 522 1540 605 βιβλία,
1594 523 1773 610 φυγῇ
1830 526 2148 609 φευκτέον
2194 513 2275 591 ὃν
2329 510 2412 612 ἧν

118 639 222 691 114
247 616 361 691 ὅτι
402 622 824 711 πορρωτάτω
868 616 992 690 ἀπ’
1045 621 1283 690 αὐτῶν.
1361 628 1460 690 17.
1507 622 1691 691 δυοῖν
1724 622 1797 690 δὲ
1836 616 2080 703 ὄντοιν,
2126 618 2274 692 ἅττ’
2327 616 2412 695 ὃν
2449 646 2515 703 1¹2

239 722 437 813 παρὰ
478 727 614 793 τῶν
657 727 973 794 παλαιῶν
1013 732 1137 804 τις
1161 722 1501 813 κτήσαιτο,
1546 725 1758 811 λέγειν
1800 749 1875 793 τε
1918 725 2260 795 δύνασθαι
2299 732 2414 798 καὶ

239 826 571 913 πράττειν
613 827 700 893 τὰ
746 829 984 897 δέοντα
1027 825 1200 915 ζήλῳ
1226 827 1365 894 τῶν
1409 822 1705 912 ἀρίστων
1733 828 1846 895 καὶ
1877 830 2057 918 φυγῇ
2099 832 2233 896 τῶν
2273 854 2413 920 χει·

241 927 490 1015 ρόνων,
547 926 712 997 ὅταν
751 928 921 1017 μήτε
979 927 1196 997 ἐκεῖνα
1248 927 1423 1017 μήτε
1466 930 1680 996 ταῦτα
1724 936 2052 1019 φαίνηταί
2092 956 2197 1011 τις
2240 926 2405 1018 παρ’

241 1024 469 1099 αὗτῶν
499 1023 984 1120 ὠφελούμενος,
1026 1036 1098 1098 τί
1142 1025 1307 1098 ἄλλο
1350 1019 1394 1118 ἢ
1434 1044 1582 1111 τοῖς
1613 1033 1777 1116 μυσὶ
1824 1031 2178 1119 διατριβὰς
2219 1029 2413 1103 ὠνεῖ-

237 1158 363 1201 ται
414 1142 524 1201 καὶ
577 1146 729 1212 ταῖς
781 1134 1061 1221 τίλφαις
1117 1131 1408 1223 οἰκήσεις
1463 1135 1577 1202 καὶ
1634 1132 1897 1224 πληγὰς
1941 1130 2032 1214 ὥς
2084 1130 2406 1219 ἀμελοῦσι

237 1248 394 1313 τοῖς
436 1234 760 1314 οἰκέταις,·
822 1239 917 1303 18.
963 1238 1115 1314 πῶς
1158 1235 1232 1303 δὲ
1276 1228 1354 1302 οὗ
1397 1230 1661 1304 κάκεῖνο
1720 1235 2024 1323 αἰσχρόν,
2084 1237 2151 1304 εἲ
2189 1263 2290 1315 τις
2338 1239 2402 1303 ἐν
2446 1255 2510 1307 13

238 1338 330 1425 τῇ
371 1339 546 1423 χειρὶ
589 1335 821 1420 ἔχοντά
853 1359 930 1404 σε
956 1339 1222 1424 βιβλίον
1265 1335 1426 1405 ἰδών
1456 1376 1541 1387 -
1572 1333 1681 1406 άεὶ
1725 1338 1799 1405 δέ
1826 1364 1897 1406 τι
1923 1338 2199 1417 πάντως
2242 1339 2410 1423 ἔχεις

238 1476 330 1488 -
387 1436 641 1526 ἔροιτο,
701 1431 963 1517 οὗτινος
1022 1429 1065 1529 ἢ
1123 1439 1404 1529 ῥήτορος
1457 1428 1502 1527 ἢ
1557 1439 1983 1527 ξυγγραφέως
2036 1429 2080 1528 ἢ
2122 1447 2410 1531 ποιητοῦ

239 1541 412 1624 ἐστι,
459 1540 540 1609 σὺ
587 1541 660 1609 δὲ
705 1540 776 1608 ἐκ
816 1544 937 1628 τῆς
980 1539 1361 1630 ἐπιγραφῆς
1405 1540 1604 1620 εἰδώς
1648 1542 1899 1631 ῥᾳδίως
1941 1540 2169 1621 εἴποις
2210 1543 2406 1611 mite-²

235 1662 343 1729 γε·
393 1639 569 1718 εἶτα,
628 1637 722 1721 ὥς
765 1644 955 1730 φιλεῖ
996 1642 1080 1711 τὰ
1121 1645 1404 1711 τοιαῦτα
1450 1641 1520 1709 ἐν
1565 1642 1882 1733 ξυνουσίᾳ
1925 1659 2298 1731 προχωρεῖν
2346 1647 2410 1723 ἐς

236 1747 456 1830 μῆκος
501 1742 740 1831 λόγων,
792 1740 829 1812 ὅ
876 1744 998 1829 μὲν
1042 1743 1316 1813 ἐπαινοῖ
1356 1770 1425 1813 τι
1468 1734 1512 1835 ἢ
1557 1744 1835 1833 αἰτιῷτο
1878 1748 2011 1812 τῶν
2056 1743 2408 1832 ἐγγεγραμ-

235 1851 494 1931 μένων,
543 1844 624 1912 σῦ
671 1846 745 1914 δὲ
791 1840 1123 1935 άποροίης
1164 1850 1277 1915 καὶ
1320 1846 1526 1935 μηδὲν
1571 1846 1747 1930 ἔχοις
1791 1848 2038 1930 εἰπεῖν,
2094 1845 2213 1915 οὐκ
2254 1847 2406 1935 ,εἰ-ἵξῃ

237 1948 403 2017 τότε
439 1961 666 2033 χανεῖν
713 1971 825 2017 σοι
865 1946 986 2036 τὴν
1027 1951 1179 2038 γῆν,
1236 1946 1407 2015 κατὰ
1455 1951 1738 2016 σεαυτοῦ
1780 1945 1817 2017 ὅ
1862 1947 2410 2039 Βελλεροφόντης

238 2054 637 2141 περιφέρων
678 2050 755 2119 τὸ
799 2052 1066 2137 βιβλίον
1078 2078 1101 2132 ,·
1148 2056 1246 2118 19.
1289 2048 1678 2140 Δημήτριος
1722 2050 1795 2118 δὲ
1838 2046 1873 2118 ὅ
1915 2051 2201 2131 Κυνικὸς
2246 2051 2406 2119 ἰδών
2446 2071 2510 2123 19

240 2152 314 2221 ἐν
372 2158 700 2240 Κορίνθῳ
758 2145 1170 2221 ἀπαίδευτόν
1225 2177 1379 2220 τινα
1440 2154 1707 2239 βιβλίον
1759 2150 2113 2221 κάλλιστον
2180 2147 2406 2239 ἄναγε*

239 2254 615 2336 νώσκοντα,
673 2252 796 2334 τὰς
850 2251 1117 2338 Βάκχας
1173 2249 1367 2340 οἶμαι
1419 2256 1542 2322 τοῦ
1596 2247 2001 2341 Εὐριπίδου,
2068 2254 2233 2325 κατὰ
2294 2259 2410 2323 τὸν

239 2353 525 2445 αγγελον
583 2358 656 2426 δὲ
713 2343 794 2446 ἦν
849 2354 968 2424 τὸν
1026 2356 1457 2446 διηγούμενον
1510 2356 1597 2424 τὰ
1652 2361 1772 2425 τοῦ
1828 2362 2158 2439 Πενθέως
2209 2359 2406 2447 πάθεν

238 2462 358 2528 καὶ
413 2458 492 2528 τὸ
550 2462 671 2550 τῆς
704 2451 995 2549 Ἀγαύης
1038 2458 1258 2546 ἔργον,
1317 2455 1637 2544 ἁρπάσας
1695 2459 2060 2529 διέσπασεν
2106 2455 2266 2528 αύτᾶ
2314 2463 2408 2527 εἰ·

241 2555 429 2644 πών,
500 2556 772 2647 αμεινόν
830 2561 972 2629 ἐστι
1027 2564 1126 2649 τῷ
1181 2566 1450 2629 Πενθεῖ
1505 2554 1693 2639 άπαξ
1744 2567 2229 2652 σπαραχθῆναι
2286 2559 2342 2627 ·1‘
2342 2591 2382 2627 ι.-

137 2684 224 2736 115
248 2662 416 2748 ἐμοῦ
469 2654 513 2752 ἢ
568 2659 702 2730 ὑπὸ
764 2673 887 2730 σοῦ
929 2662 1275 2743 πολλάκις.
1364 2662 1573 2752 ζητῶν
1627 2663 1700 2731 δὲ
1757 2657 1867 2730 αεὶ
1910 2663 2085 2749 πρὸς
2128 2660 2410 2748 εμαυτὲν

243 2790 441 2832 ουπω
505 2767 620 2833 καὶ
683 2765 972 2854 τήμερον
1039 2761 1253 2852 εὖρεῑν
1326 2764 1719 2853 δεδύνημαι,
1790 2770 1975 2842 τίνος
2041 2763 2227 2832 ἕνεκα
2290 2767 2410 2852 τήν

243 2866 552 2955 σπουδὴν
595 2865 841 2955 ταύτην
886 2866 1307 2947 ἐσπούδακας
1351 2871 1513 2951 περὶ
1555 2866 1675 2953 τὴν
1705 2861 1881 2954 ὠνὴν
1923 2870 2054 2934 τῶν
2094 2869 2406 2956 βιβλίων-

242 2963 581 3058 ὦφελείας
623 2969 745 3053 μὲν
786 2968 914 3056 γὰρ
969 2959 1012 3059 ἢ
1048 2976 1280 3059 χρείας
1330 2972 1451 3058 τῆς
1503 2963 1626 3037 ἀπ’
1681 2962 1898 3036 αὐτῶν
1941 2965 2089 3038 οὔδ’
2140 2959 2223 3037 ὃν
2266 2972 2410 3056 οἰη-

241 3076 406 3161 θείη
451 3095 557 3150 τις
597 3072 734 3139 τῶν
775 3098 899 3140 καν
945 3071 1065 3139 ἐπ’
1109 3071 1456 3156 ἐλάχιστόν
1489 3096 1565 3141 σε
1608 3070 1904 3152 εἰδότων,
1950 3066 2027 3140 οὗ
2073 3064 2410 3158 fliium*
2374 3104 2406 3156 η

244 3172 596 3297 φαλακρὸς
639 3168 722 3240 άν
765 3197 872 3252 τις
897 3180 1179 3257 πρίαιτο
1223 3164 1527 3253 κτένας”
1483 3200 1522 3262 η
1569 3176 1949 3262 κάτοπτρον
1992 3171 2027 3243 ὅ
2074 3176 2326 3264 τυφλεΞῑῈΤ
2374 3204 2406 3264 η

242 3271 279 3343 ὅ
325 3274 561 3364 κωφὸς
606 3270 896 3366 αυλητὴν
939 3266 982 3366 ἢ
1025 3274 1372 3363 παλλακὴν
1425 3272 1462 3343 o‘
1520 3270 1823 3361 εὐνοῦχος
1864 3267 1908 3365 ἢ
1951 3273 1986 3344 ὅ
2033 3270 2410 3365 ἠπειρωτης,

240 3377 480 3467 κώπην
523 3368 568 3466 ἢ
613 3373 648 3446 ὅ
678 3375 1137 3505 κυβερνήτης’
1109 3373 1409 3466 άροτρον.
1480 3372 1652 3445 άλλὰ
1693 3378 1783 3464 μὴ
1834 3377 2161 3456 ἐπίδειξιν
2205 3380 2410 3444 mam„

237 3505 360 3547 του
409 3502 520 3549 σοι
562 3481 639 3548 τὸ
689 3483 967 3603 πρᾶγμα
998 3478 1132 3563 ε’χει
1158 3482 1270 3548 καὶ
1299 3479 1530 3566 βούλει
1563 3483 1761 3547 τοῦτο
1794 3479 2088 3568 ἐμφῆναι
2133 3477 2406 3560 απασει

240 3575 353 3649 ότι
407 3583 522 3650 καὶ
581 3580 650 3660 ἐς
703 3581 790 3649 τὰ
846 3582 1052 3672 μηδέν
1110 3601 1219 3649 σοι
1269 3581 1565 3669 χρήσιμα
1617 3577 1802 3666 ὅμως
1858 3579 1927 3647 ἐκ
1984 3582 2238 3670 πολλῆς
2294 3588 2414 3668 τῇς

240 3689 647 3770 περιουσίας
692 3678 1108 3768 άναλίσκεις;
1161 3686 1274 3751 καὶ
1317 3683 1448 3770 μὴν
1494 3676 1624 3750 ὅσα
1666 3707 1739 3770 γε
1780 3676 1948 3767 κάμε
1992 3681 2205 3771 Σύρον
2250 3680 2410 3752 ἒίιντα

244 3785 528 3869 εἰδέναι,
592 3786 653 3853 εἰ
706 3787 796 3874 μὴ
859 3787 1108 3855 σαυτὸν
1160 3790 1384 3874 φέρων
1439 3797 1592 3862 ταῖς
1645 3787 1766 3851 τοῦ
1808 3788 2118 3870 γέροντος
2162 3785 2410 3854 &usim

244 3886 617 3977 διαθήκαις
669 3894 1222 3977 παρενέγραψας,
1279 3880 1681 3964 ἀπωλώλεις
1736 3914 1817 3953 αν
1858 3882 1995 3954 ὑπὸ
2044 3889 2242 3974 λιμοῦ
2286 3920 2322 3974 χι·
2298 3888 2406 3976 Ἧι

240 3993 353 4059 καὶ
398 3985 652 4077 ἀγορὰν
696 3984 1099 4077 προυτίθεις
1151 3992 1286 4057 τῶν
1326 3991 1631 4075 βιβλίων.
1718 3993 1818 4058 20.
1877 3988 2121 4058 λοιπὸν
2165 4015 2278 4057 ουν
2326 3992 2402 4076 &r-
2442 4008 2518 4060 *ξεῦ

344 4099 520 4144 Luciam
543 4099 628 4144 111.
2068 4095 2099 4144 9
