2867 4525
1008 256 1159 309 ΠΕΡΙ
1197 256 1577 311 ΠΑΡΑΣΙΤΟΥ.
2302 255 2382 315 33

237 453 384 514 ρους
428 425 681 514 ὁρῶμεν
723 430 837 495 καὶ
883 421 1035 495 οὔτε
1077 425 1201 504 τὰς
1246 419 1456 513 ἀρχὰς
1499 420 1653 493 οὔτε
1704 424 1789 492 τὰ
1844 429 1996 514 τέλη
2054 426 2383 516 σύμφωνα

235 533 484 597 πασῶν.

402 640 606 700 ΤΥΧ.
644 626 916 721 Ἀληθῆ
961 634 1202 716 λέγεις·
1249 635 1413 711 μίαν
1457 629 1580 712 μὲν
1622 628 1749 716 γὰρ
1794 627 1916 719 τὴν
1964 633 2381 722 φιλοσοφίαν

239 728 400 801 εἶναι
443 734 767 819 λέγουσιν,
812 727 1003 800 αὐτοὶ
1050 733 1123 800 δὲ
1170 726 1374 822 αὐτὴν
1419 735 1701 800 ποιοῦσι
1744 733 2025 812 πολλάς.

149 847 222 899 858
394 840 495 903 28.
542 839 763 903 ΠΛΡ.
809 839 947 904 Καὶ
990 833 1121 925 μὴν
1164 838 1278 902 καὶ
1322 831 1447 912 τὰς
1487 834 1609 919 μὲν
1642 829 1850 913 ἄλλας
1878 841 2129 919 τέχνας,
2177 839 2238 906 εἰ
2269 846 2383 907 καί
2406 847 2484 902 28

232 963 294 1005 τι
343 937 507 1005 κατὰ
565 938 818 1016 ταύτας
867 930 1277 1024 ἇσύμφωνον
1324 936 1463 1024 ε’ίη,
1522 939 1633 1003 καὶ
1690 939 2035 1023 παρέλθοι
2076 965 2182 1019 τις
2228 964 2383 1027 συγ-

232 1039 481 1129 γνώμης
527 1034 856 1121 άξιώσας,
916 1037 1066 1105 ἐπεὶ
1123 1042 1329 1123 μέσαι
1383 1063 1460 1105 τε
1505 1038 1777 1107 δοκοῦσι
1819 1043 1931 1108 καὶ
1979 1043 2049 1108 αἱ
2093 1043 2381 1127 καταλή-

235 1155 380 1226 ψεις
426 1137 646 1209 αὐτῶν
690 1136 808 1209 οὐκ
836 1141 1006 1209 εἰσὶν
1039 1135 1538 1224 ἀμετάπτωτοι.
1615 1143 2032 1232 φιλοσοφίαν
2064 1144 2134 1211 δὲ
2165 1150 2270 1223 τίς
2301 1135 2381 1213 ἒν

231 1249 331 1312 καὶ
376 1240 737 1328 ἀνάσχοιτο
781 1242 871 1330 μὴ
918 1248 1082 1328 μίαν
1133 1238 1307 1309 εἶναι
1362 1244 1474 1309 καὶ
1530 1242 1699 1329 μηδὲ
1755 1244 2118 1334 σύμφωνον
2178 1241 2381 1331 αὐτὴν

233 1345 422 1436 ἑαυτῇ
477 1347 738 1432 μᾶλλον
793 1349 927 1412 τῶν
983 1338 1318 1432 ὀργάνων,·
1372 1350 1498 1429 μία
1555 1346 1678 1443 μὲν
1736 1332 1851 1414 ούν
1912 1342 2028 1415 ούκ
2071 1347 2215 1418 ἔστι
2264 1375 2381 1438 φι-

232 1451 546 1534 λοσοφία,
608 1446 842 1536 ἐπειδὴ
902 1442 1039 1533 δρῶ
1093 1449 1204 1514 καὶ
1248 1446 1537 1533 ἄπειρον
1583 1444 1817 1517 οὖσαν·
1885 1452 2142 1518 πολλαὶ
2186 1451 2259 1518 δὲ
2304 1448 2381 1519 οὐ

231 1549 534 1620 δύνανται
584 1547 779 1627 εἶναι,
825 1548 1191 1638 ἐπειδήπερ
1238 1545 1747 1639 ἧ[φιλο]σοφία
1774 1557 1917 1636 μία.
1990 1558 2092 1621 29.
2124 1548 2382 1636 ὁμοίως
2406 1561 2482 1617 29

232 1652 297 1721 δὲ
346 1657 458 1722 καὶ
514 1657 678 1741 περὶ
732 1655 852 1741 τῆς
908 1648 1349 1730 ὑποστάσεως
1391 1656 1513 1740 τῆς
1554 1654 1907 1743 ῥητορικῆς
1949 1657 2162 1721 ταῦτα
2207 1661 2376 1745 φαίη

229 1781 324 1834 τις
379 1751 491 1824 ἄν·
555 1755 634 1823 τὸ
693 1752 819 1842 γὰρ
877 1756 1037 1841 περὶ
1095 1752 1244 1832 ἑνὸς
1288 1760 1729 1841 προκειμένου
1772 1751 1983 1822 ταύτὰ
2028 1753 2117 1842 μὴ
2168 1757 2378 1843 λέγειν

230 1851 559 1942 ἅπαντας,
621 1851 792 1925 ἄλλα
836 1855 1051 1945 μάχην
1098 1851 1271 1923 εἶναι
1317 1859 1539 1944 φορᾶς
1583 1849 1966 1939 άντιδόξου,
2026 1852 2379 1938 ἀπόδειξις

227 1968 488 2051 μεγίστη
535 1963 658 2027 τοῦ
702 1959 869 2048 μηδὲ
914 1958 1035 2045 τὴν
1080 1952 1284 2048 ἀρχὴν
1330 1955 1507 2026 εἶναι
1548 1961 1747 2025 τοῦτο
1795 1953 1873 2026 οὗ
1916 1965 2043 2044 μία
2085 1961 2376 2050 κατάλη-

230 2075 342 2148 ψις
383 2057 501 2131 οὒκ
547 2061 724 2130 ἔστι·
769 2061 845 2128 τὸ
891 2059 1019 2148 γὰρ
1066 2059 1280 2148 ζητεῖν
1323 2058 1421 2141 τό,
1467 2065 1539 2128 τί
1571 2062 1827 2145 μᾶλλον
1860 2056 2020 2129 αὗτό
2056 2061 2218 2143 ἐστι,
2264 2067 2376 2131 καὶ

145 2163 294 2232 859τό
348 2166 692 2256 μηδέποτε
747 2161 1099 2249 ὁμολογεῖν
1141 2168 1306 2245 μίαν
1351 2158 1558 2244 εἶναι,
1616 2166 1814 2230 τοῦτο
1863 2157 2067 2253 αὐτὴν
2114 2162 2378 2252 ἀναιρεῖ

227 2271 334 2335 τοῦ
378 2268 779 2359 ζητουμένου
821 2266 945 2356 τὴν
990 2258 1248 2333 οὗσίαν.
1324 2272 1424 2335 30.
1456 2261 1496 2355 ἦ
1542 2272 1773 2352 μέντοι
1818 2265 2226 2358 παρασιτικὴ
2262 2261 2378 2351 ούχ
2402 2279 2479 2334 80

229 2369 423 2450 οὕτως
481 2370 650 2454 ἔχει,
710 2367 879 2435 ἀλλὰ
923 2369 1035 2434 καὶ
1082 2367 1150 2433 ἐν
1176 2359 1451 2455 Ἕλλησι
1493 2372 1605 2437 καὶ
1647 2369 2017 2457 βαρβάροις
2059 2375 2187 2454 μία
2231 2368 2375 2439 ἐστὶ

226 2475 327 2540 καὶ
374 2472 547 2540 κατὰ
601 2465 812 2539 ταύτὰ
866 2471 979 2537 καὶ
1024 2464 1372 2549 ὡσαύτως,
1424 2473 1539 2537 καὶ
1586 2464 1703 2538 οὐκ
1748 2461 1829 2537 ἂν
1873 2471 2064 2539 ε’ίποι
2105 2497 2211 2551 τις
2257 2468 2375 2538 άλ-

230 2575 347 2653 λως
373 2575 495 2660 μὲν
542 2573 801 2653 τούσδε,
848 2570 1090 2654 ἑτέρως
1133 2570 1206 2637 δὲ
1249 2570 1491 2638 τούσδε
1536 2585 1956 2660 παρασιτεῖν,
2005 2573 2160 2640 οὐδέ
2205 2573 2375 2641 εἰσιν

228 2671 311 2754 ὥς
371 2676 549 2746 ἔοικε
613 2674 988 2761 παράσιτοί
1050 2698 1229 2753 τινες
1295 2672 1440 2740 οἶον
1491 2677 1779 2742 Στωϊκοὶ
1842 2665 1885 2763 ἢ
1930 2669 2375 2761 Ἐπικούρειοι

227 2776 516 2864 δόγματα
562 2776 819 2860 ἔχοντες
865 2775 1184 2863 διάφορα,
1233 2772 1402 2842 ἀλλὰ
1450 2779 1626 2842 πᾶσι
1664 2774 1839 2865 πρὸς
1870 2768 2177 2853 ἅπαντας
2207 2773 2373 2860 ὅμο-

226 2880 406 2966 λογία
457 2885 566 2957 τίς
620 2877 765 2945 ἐστι
807 2881 920 2945 καὶ
967 2884 1328 2966 συμφωνία
1371 2879 1505 2943 τῶν
1551 2875 1760 2964 ἔργων
1801 2879 1912 2944 καὶ
1958 2881 2079 2945 τοῦ
2121 2881 2371 2958 τέλους.

226 2977 385 3049 ὥστε
425 2981 655 3067 ἔμοιγε
702 2980 919 3047 δοκεῖν
963 2975 1002 3069 ἡ
1042 2979 1448 3069 παρασιτικὴ
1484 2978 1846 3048 κινδυνεύει
1875 2979 2045 3047 κατά
2072 3006 2147 3068 γε
2176 2984 2371 3048 τοῦτο

224 3085 326 3150 καὶ
369 3090 589 3171 σοφία
634 3080 829 3151 εἶναι.

382 3191 484 3253 31.
540 3191 747 3252 ΤΥΧ.
802 3183 998 3251 Πάνυ
1048 3210 1167 3268 μοι
1220 3184 1437 3262 δοκεῖς
1480 3188 1691 3251 ταῦτα
1738 3185 1978 3262 ἱκανῶς
2023 3183 2373 3272 εἰρηκέναι.
2406 3195 2477 3252 81

225 3280 309 3364 ὥς
357 3288 430 3354 δὲ
481 3289 596 3355 καὶ
648 3287 733 3353 τὰ
791 3283 963 3354 ἄλλα
1008 3292 1250 3374 χείρων
1305 3285 1488 3354 ἐστὶν
1539 3283 1579 3376 ἡ
1637 3288 2018 3375 φιλοσοφία
2082 3288 2203 3373 τῆς
2254 3288 2376 3374 σῆς

224 3391 460 3477 τέχνης,
507 3393 658 3467 πῶς
704 3382 1198 3470 ἆποδεικνύεις;

379 3494 603 3558 ΠΑΡ.
659 3486 913 3559 Οὐκοῦν
946 3487 1191 3577 ἀνάγκη
1240 3492 1511 3575 πρῶτον
1557 3487 1774 3557 εἰπεῖν
1818 3481 1925 3554 ὅτι
1962 3487 2377 3575 φιλοσοφίας

224 3589 333 3671 μὲν
383 3587 710 3660 οὐδέποτε
760 3588 1034 3681 ἠράσθη
1089 3590 1494 3676 παράσιτος,
1556 3591 2003 3678 παρασιτικῆς
2060 3588 2132 3655 δὲ
2190 3587 2377 3673 πάμ-

144 3694 462 3762 θθοπολλοι
490 3693 1038 3783 ἐπιθυμήσαντες
1066 3693 1591 3779 μνημονεύονται
1620 3689 2012 3778 φιλόσοφοι,
2042 3691 2154 3756 καὶ
2185 3693 2378 3776 μέχρι

224 3817 288 3877 γε
327 3798 440 3864 νῦν
488 3796 712 3886 ἐρῶσι.

388 3907 595 3965 ΤΥΧ.
649 3900 786 3965 Καὶ
839 3901 1029 3974 τίνας
1074 3885 1154 3962 ἂν
1200 3894 1418 3962 εἰπεῖν
1465 3893 1639 3977 ἔχοις
1684 3891 2107 3982 φιλοσόφους
2153 3919 2378 3978 παρα·-

229 4012 426 4067 σιτεῖν
474 3999 1032 4080 σπουδάσαντας;

319 4106 486 4153 Lueian
510 4110 593 4154 111.
2034 4098 2064 4146 3
