2867 4525
428 269 553 330 296
1160 265 1542 322 ADNOTATIO
1578 263 1850 318 cm'rch.

641 466 738 519 τις
783 433 879 506 ὧν
911 442 931 522 Ι
966 459 1080 502 om.
1128 437 1209 505 ἂν
1241 439 1406 502 det.
1456 440 1613 517 quod
1657 440 1851 517 agitur
1892 437 1970 499 de
1998 436 2215 499 iudicio
2245 441 2429 517 certo,
2475 455 2604 496 non

643 544 821 606 dubio
850 548 916 604 ut
944 540 1032 621 ὡς
1060 538 1458 624 μετεσχηκὼς
1497 560 1547 608 e.
1577 546 1638 603 2.
1697 541 1893 602 Etiam
1921 542 1984 602 in
2012 537 2103 616 ὡς
2135 534 2265 624 [ἂν]
2294 555 2606 618 πεφοτισ·

644 649 861 724 μένων
904 653 1039 710 τῶν
1085 641 1486 727 πραγμάτων
1532 640 1660 708 ὑπὸ
1698 651 1811 724 τῆς
1844 640 2150 725 ἀληθείας
2179 630 2601 719 expellendum

647 746 849 813 ἂν.-
863 743 1242 829 μικρότερος
1267 744 1305 829 ἢ
1327 742 1492 811 κατὰ
1516 741 1759 828 ταύτην
1783 749 2141 827 προδοσίαν
2165 749 2370 826 ζωγρ
2386 738 2490 822 ἀφ
2506 766 2548 807 ο
2567 766 2605 818 ς

649 849 668 932 ss
711 840 754 913 ὃ
796 855 983 932 ζωγρ.
1035 848 1202 911 det.
1245 852 1445 911 minor
1487 866 1660 928 quam
1702 851 1804 927 qui
1829 851 1980 908 tanti
2007 847 2291 926 facinoris
2317 863 2454 907 reus
2483 863 2605 907 esse

641 964 848 1035 posset,
893 963 1051 1014 tanto
1096 949 1295 1012 sceleri
1334 954 1545 1030 impar.
1589 983 1676 994 -
1720 972 1852 1030 παρ
1871 946 1888 969 '
1931 944 2243 1013 ὁντινοῦν
2276 953 2414 1012 τῶν
2445 944 2603 1023 ὃμο-

652 1057 897 1135 τέχνων
928 1053 953 1133 fl
984 1076 1159 1135 παρα
1204 1056 1377 1114 iuxta
1420 1051 1718 1133 quemlibet
1747 1050 1950 1132 (sensu
1992 1050 2416 1128 comparativo)
2445 1052 2609 1111 taneto·

653 1156 874 1234 sactus,
936 1158 1144 1236 quanti
1194 1157 1511 1234 quisquam.
1604 1153 1699 1216 of.
1742 1153 1822 1215 ad
1864 1154 2048 1233 Hipp.
2096 1158 2131 1214 3
2179 1143 2385 1236 ἄνδρα
2427 1175 2564 1233 παρ
2584 1148 2604 1172 '

654 1252 883 1323 ὅντινα
933 1254 1156 1334 βούλει
1200 1258 1727 1335 γεγυμνασμένου
1773 1289 1848 1300 -—
1903 1251 1941 1318 ἕ
1960 1280 2000 1319 α
2031 1259 2070 1319 δ
2095 1279 2126 1320 ε
2165 1260 2416 1337 μηνίειν
2447 1250 2473 1336 fl
2504 1254 2600 1331 (†)

656 1355 797 1424 ἕαδε
853 1377 971 1419 vox
1024 1358 1336 1437 desperata
1351 1402 1368 1437 ,
1428 1375 1605 1434 quam
1660 1360 1957 1436 oon-igere
2013 1359 2201 1419 voluit
2260 1356 2405 1419 001).
2462 1359 2606 1419 sub·

656 1465 856 1524 stituto
885 1462 1070 1523 verbo
1099 1456 1420 1543 ἠδημόνει,
1453 1479 1620 1540 aegre
1645 1459 1882 1540 ferebat.
1929 1459 2049 1521 Sed
2068 1460 2220 1522 haee
2241 1461 2604 1540 coniectura,

655 1568 882 1645 opinor,
927 1582 1045 1625 non
1088 1566 1277 1642 magis
1320 1563 1399 1624 ad
1441 1581 1566 1625 rem
1611 1567 1754 1641 apta
1793 1563 2046 1642 videtur,
2092 1581 2266 1640 quam
2299 1561 2459 1639 quod
2487 1580 2607 1640 ego

657 1669 987 1746 suspicatus
1046 1685 1172 1727 sum
1229 1670 1681 1742 δαιμονίως
1729 1660 2018 1747 ἐμήνιε.
2106 1663 2365 1742 Expedit
2406 1669 2606 1725 autem

658 1771 774 1831 hae
818 1772 1155 1831 oeeastione
1198 1766 1397 1829 oblata
1458 1767 1757 1829 reeordari
1771 1812 1790 1848 ‚
1845 1769 2180 1844 aequiorum
2223 1769 2607 1846 graecitatem

657 1874 969 1933 maximam
1023 1870 1300 1932 habuisse
1358 1871 1778 1932 vocabulorum
1821 1872 2054 1949 eopiam
2098 1869 2200 1947 (ef.
2247 1869 2484 1930 Schmid
2542 1869 2603 1935 d.

659 1972 1043 2050 Attieismua.)
1130 1972 1460 2034 Utebantur
1505 1974 1657 2033 enim
1691 1975 1752 2033 et
1792 1973 2004 2049 priseis
2047 1977 2106 2033 et
2149 1971 2486 2050 cotidianis,
2544 1975 2609 2033 et

659 2094 868 2138 recena
910 2077 1164 2137 inventis
1208 2081 1270 2137 et
1308 2076 1500 2136 novis.
1571 2076 1640 2136 In
1685 2092 1800 2151 quo
1845 2075 1960 2136 hoe
1985 2076 2238 2136 maxime
2265 2073 2608 2153 notandum,

660 2181 877 2240 usitata
934 2180 1034 2239 vel
1078 2177 1373 2239 cotidiana
1413 2194 1535 2237 non
1577 2177 1761 2237 semel
1805 2180 2023 2237 mutato
2069 2194 2144 2237 ex
2186 2181 2352 2238 veter
2393 2194 2609 2237 esensu

660 2284 723 2343 in
778 2299 888 2343 usu
942 2281 1145 2342 fuisse.
1188 2314 1277 2325 —
1319 2275 1880 2362 παραπολελαύκει
1920 2278 1940 2362 ΙΙ
1983 2275 2299 2346 α’πολαύω
2354 2280 2481 2341 fere
2529 2280 2612 2342 (le

661 2385 840 2445 rebus
883 2384 1175 2462 secundis,
1221 2384 1277 2448 h.
1312 2384 1352 2443 l.
1385 2383 1462 2444 de
1504 2384 1683 2444 rebus
1725 2383 2012 2445 adversis.
2043 2417 2125 2429 -
2154 2379 2273 2466 τὴν
2303 2379 2613 2448 λύτταν

664 2482 689 2569 Β
719 2481 987 2551 Λίτταν
1031 2520 1114 2531 -
1157 2481 1360 2568 ὀργὴν
1389 2481 1416 2568 Ι
1452 2481 1666 2568 Ὀργὴν
1708 2486 1848 2551 001).

457 2611 507 2653 e.
577 2596 634 2652 7.
665 2587 877 2666 ου’δεὶς
919 2585 1042 2670 γὰρ
1086 2585 1181 2653 ἂν
1225 2584 1473 2667 α’γαθὸς
1516 2596 1740 2654 κακῶν
1786 2588 1991 2667 αἴτιος
2034 2590 2289 2668 γένοιτο
2332 2595 2427 2673 τῷ
2456 2595 2619 2668 πλη-

670 2699 813 2757 σίον
844 2690 868 2772 ΙΙ
901 2689 1111 2768 ου’δεὶς
1153 2688 1273 2773 γὰρ
1320 2688 1428 2756 ὢν
1459 2688 1645 2772 ᾰγαθ.
1698 2736 1713 2752 .
1748 2736 1762 2753 .
1794 2735 1811 2752 .
1858 2691 2062 2768 αἴτιος
2106 2687 2342 2772 γένοιτ’
2385 2687 2483 2755 ἂν
2517 2697 2620 2775 τῷ

672 2799 948 2876 πλησίον
993 2793 1160 2855 det.
1204 2791 1324 2874 (ὢν
1366 2790 1496 2858 ΑΩ
1524 2793 1680 2875 Pal.)

461 2917 515 2960 0.
584 2902 641 2959 8.
674 2900 727 2961 εἰ
754 2941 769 2956 .
795 2941 809 2956 .
833 2941 848 2957 .
880 2891 958 2960 τὸ
990 2891 1195 2973 στόμα
1241 2904 1709 2974 σιωπῶντος
1737 2901 2339 2978 καταψηφιζοίμεθα
2371 2890 2397 2976 fl
2427 2918 2624 2960 κατα·

675 3006 1143 3075 σιωπῶντες
1185 2999 1383 3062 Madv.

463 3120 517 3166 0.
549 3107 646 3162 10.
677 3103 1033 3166 κτανέοντα
1065 3096 1091 3183 Ι
1120 3103 1468 3165 κτενέοντα
1512 3100 1657 3162 001).

465 3222 516 3263 0.
549 3206 646 3263 12.
676 3208 785 3287 τῷ
829 3206 1106 3283 πλησίον
1147 3216 1500 3284 κακουργεῖ
1527 3199 1552 3285 Ι
1581 3198 1717 3268 τὸν
1756 3201 1898 3268 nob.

466 3325 511 3372 e.
549 3308 645 3367 13.
676 3300 797 3370 τὸν
840 3299 1237 3386 τυραννικὸν
1293 3307 1360 3368 δὲ
1402 3310 1512 3369 καὶ
1554 3298 2046 3386 προδοτικὸν
2074 3300 2101 3382 ΙΙ
2132 3298 2461 3385 προδότην
2490 3304 2630 3364 Pal.

467 3427 521 3470 e.
551 3413 643 3474 14.
680 3403 771 3485 ὡς
814 3402 891 3471 τὸ
920 3414 1105 3471 θετον
1132 3402 1788 3488 παρωθούμενος
1819 3402 1843 3489 ΙΙ
1874 3407 2084 3468 melius
2113 3424 2185 3466 ae
2214 3406 2451 3466 mollius
2478 3428 2634 3468 πα-

681 3504 1229 3597 ρωδούμενος,
1299 3528 1476 3586 quam
1545 3511 1824 3571 rusticum
1891 3508 2037 3569 illud
2094 3503 2634 3590 παρωθούμενος

682 3610 895 3692 (det.)
940 3645 1023 3658 —
1068 3611 1250 3676 ἴδωσι
1291 3608 1314 3693 ΙΙ
1357 3614 1570 3675 εἰδῶσι
1616 3609 1755 3676 001).
1803 3643 1890 3654 -
1932 3605 2078 3674 κᾶν
2128 3611 2285 3690 θέλῃ
2328 3634 2428 3687 τις
2470 3606 2637 3674 α’πο-

684 3721 1016 3794 λογετσθαι
1049 3710 1074 3796 ΙΙ
1102 3714 1221 3775 καὶ
1263 3705 1352 3775 ἂν
1395 3713 1483 3775 cf.
1530 3713 1606 3773 ad
1649 3731 1701 3774 e.
1736 3714 1840 3774 Bis
1883 3730 2079 3773 aecus.
2120 3718 2173 3772 1.

473 3836 524 3877 0.
560 3821 648 3882 17.
684 3819 742 3879 εἰ
783 3812 997 3881 ἕλοιτο
1030 3813 1054 3900 ΙΙ
1086 3819 1339 3896 λέγοιτο
1370 3816 1570 3877 Madv.
1599 3849 1688 3862 —
1716 3810 1965 3892 πόσους
2011 3810 2366 3892 οἰώμεθα
2397 3809 2422 3896 [Ι
2454 3810 2638 3878 οἰό-

683 3925 888 3995 μεθα
932 3916 1097 3980 det.
1142 3919 1199 3982 A
1239 3952 1326 3963 —
1368 3914 1724 4001 θειότητος
1755 3916 1780 3998 Ι
1809 3914 2140 3999 θεότητος
2187 3916 2332 3978 Cob.

478 4024 656 4081 0.21.
690 4016 854 4101 πρὸς
898 4017 977 4082 τὰ
1028 4016 1363 4103 παράδοξα
1409 4066 1424 4081 .
1473 4065 1488 4081 .
1536 4065 1551 4081 .
1597 4018 1992 4097 ἑπόμενον
2038 4015 2063 4102 ΙΙ
2108 4015 2442 4096 ἕτοιμον
2486 4019 2640 4081 Gob.
