2867 4525
395 267 473 324 12
1294 268 1672 322 AorfflANor

387 440 549 521 βοῇ·
613 435 766 503 ἐπεὶ
825 439 898 506 δὲ
957 432 1148 505 οὐδὲν
1205 434 1398 557 ἡμεῖς
1455 437 2049 528 ἐπεφροντίκειμεν
2106 434 2343 522 αὐτοῦ,
2398 435 2554 507 κατ’

391 532 620 625 ὀλίγον
665 576 746 587 -
792 537 868 606 οὐ
912 540 1039 627 γὰρ
1074 542 1301 607 τέλεον
1341 525 1422 626 ἦν
1482 540 1836 626 διάβροχος
1878 546 1965 632 τῇ
2007 547 2224 666 Μέθῃ
2271 581 2353 591 -
2400 538 2562 610 ἀνέ-

393 667 564 768 νηφε
629 640 804 728 πρὸς
865 640 1023 721 τοῦς
1087 635 1322 728 λόγους
1383 645 1499 710 καὶ
1566 638 1914 771 ἀφῃρεῖτο
1957 643 2114 724 τοὺς
2180 644 2568 734 στεφάνους
2585 659 2691 709 813

390 746 501 811 καὶ
546 742 667 828 τὴν
713 738 1078 833 αὐλητρίδα
1118 745 1511 812 κατεσιώπα
1538 749 1651 813 καὶ
1682 745 1799 813 ἐπὶ
1828 750 1914 835 τῇ
1943 740 2388 836 πορφυρίδι’
2350 746 2563 836 ῃσχύ-

393 871 575 928 νετο,
639 849 754 913 καὶ
808 839 1041 931 ὥσπερ
1100 846 1173 925 ἐξ
1233 839 1448 914 ῦπνου
1503 851 1765 932 βαθέος
1822 845 2261 937 ἀνεγρόμενος
2317 848 2565 917 ἑαυτόν

390 974 466 1016 τε
510 948 687 1071 ἐώρα
733 940 924 1026 ὅπως
968 949 1250 1016 διέκειτο
1294 953 1407 1017 καὶ
1450 953 1570 1015 τοῦ
1613 950 1834 1017 πάλαι
1873 956 2030 1035 βίου
2059 958 2562 1038 κατεγίγνωσκέ,

393 1053 505 1117 καὶ
548 1049 624 1119 τὸ
671 1051 794 1136 μὲν
839 1048 1147 1139 ἐρύθημα
1191 1049 1267 1118 τὸ
1317 1051 1387 1118 ἐκ
1429 1054 1550 1138 τῆς
1577 1058 1834 1142 Μέθης
1874 1048 2178 1140 ἀπήνθει
2219 1057 2332 1122 καὶ
2375 1047 2564 1142 ἠφα-

396 1152 641 1235 νίζετο,
701 1146 1000 1272 ἠρυθρία
1045 1154 1118 1220 δὲ
1160 1156 1273 1222 καὶ
1332 1154 1518 1222 αἰδοῖ
1570 1158 1707 1222 τῶν
1765 1155 2153 1241 δρωμένων,
2210 1158 2323 1223 καὶ
2365 1158 2563 1234 τέλος

396 1247 706 1341 ἀποδρὰς
750 1248 983 1342 ὥσπερ
1029 1253 1197 1338 εἶχεν
1241 1249 1660 1344 ηῦτομόλησε
1703 1251 1875 1344 παρ’
1925 1256 2071 1342 ἐμέ,
2120 1251 2265 1324 οὔτ’
2318 1257 2562 1325 ἐπικα-

397 1358 762 1444 λεσαμένης
810 1354 960 1424 ούτε
1001 1363 1447 1447 βιασαμένης,
1506 1354 1600 1437 ῶς
1646 1353 1811 1449 αῦτή
1857 1382 2097 1449 φησιν
2157 1357 2352 1444 ἐμοῦ,
2399 1352 2555 1426 ἀλλ’

396 1457 560 1526 ἑκῶν
621 1452 823 1538 αὐτὸς
881 1454 1134 1545 ἀμείνω
1191 1464 1401 1527 ταῦτα
1457 1458 1634 1528 εἶναι
1676 1457 2194 1547 ὑπολαμβάνων.
2280 1469 2396 1530 καί
2438 1488 2565 1547 μοι

394 1557 520 1650 ἤδη
580 1557 770 1629 κάλει
826 1556 1061 1645 αῦτόν,
1120 1562 1313 1641 ὅπως
1359 1563 1808 1662 καταμάθητε
1863 1562 1941 1631 ὃν
2001 1559 2257 1649 τρόπον
2308 1563 2565 1632 διάκει-

395 1692 510 1732 ται
554 1664 730 1754 πρὸς
773 1665 955 1751 ἐμοῦ.
1028 1669 1284 1746 τοῦτον,
1332 1662 1385 1729 ῶ
1433 1660 1670 1752 άνδρες
1702 1666 2034 1748 δικασταί,
2067 1668 2566 1752 παραλαβοῦσα

395 1770 672 1853 γελοίως
735 1769 970 1852 έχοντα
1023 1771 1133 1835 καὶ
1191 1767 1360 1856 μήτε
1425 1766 1658 1857 φωνὴν
1724 1761 2004 1856 ἀφιέναι
2060 1768 2228 1856 μήτε
2282 1768 2567 1836 ἑστάναι

397 1865 532 1936 ὑπὸ
579 1873 699 1937 τοῦ
744 1864 1034 1956 ἀκράτου
1081 1870 1445 1953 δυνάμενον
1491 1864 1889 1957 ῦπέστρεψα
1940 1874 2053 1938 καὶ
2102 1864 2405 1957 ἀνένηψα
2448 1872 2565 1936 καὶ

400 1966 551 2038 ἀντὶ
597 1965 1030 2055 ἀνδραπόδου
1075 1971 1357 2055 κόσμιον
1404 1967 1616 2055 ἀνδρα
1658 1975 1771 2039 καὶ
1809 1971 2131 2060 σώφρονα
2159 1974 2272 2039 καὶ
2304 1974 2569 2039 πολλοῦ

403 2069 594 2151 ἄξιον
650 2087 795 2152 τοῖς
833 2071 1143 2161 Ἕλλησιν
1211 2072 1570 2152 ἀπέδειξα·
1636 2081 1750 2142 καί
1807 2099 1927 2158 μοι
1986 2068 2187 2151 αῦτός
2243 2098 2317 2140 τε
2367 2072 2569 2159 χάριν

405 2172 586 2244 οἶδεν
631 2175 743 2244 ἐπὶ
792 2176 1058 2253 τούτοις
1085 2178 1199 2244 καὶ
1230 2175 1297 2242 οἱ
1326 2175 1775 2264 προσήκοντες
1803 2172 1976 2264 ὑπὲρ
2008 2176 2230 2242 αὐτοῦ.
2306 2175 2570 2264 εἴρηκα·
2591 2193 2695 2243 814

407 2276 595 2363 ὑμεῖς
641 2279 713 2346 δὲ
755 2274 881 2368 ἤδη
938 2293 1252 2347 σκοπεῖτε
1307 2283 1567 2367 ποτέρᾳ
1624 2278 1815 2367 ἡμῶν
1871 2274 2145 2363 ἄμεινον
2201 2264 2325 2367 [ἦν]
2384 2272 2571 2364 αὐτῷ

411 2395 728 2448 συνεῖναι.

322 2491 393 2546 18
587 2488 684 2550 18.
734 2487 944 2549 ΕΡΜ.
978 2479 1134 2569 ’Ἀγε
1179 2483 1278 2567 δή,
1324 2483 1414 2569 μὴ
1461 2484 1753 2566 μέλλετε,
1794 2481 2340 2572 ψηφοφορήσατε
2382 2474 2575 2561 [ἀνά-

408 2584 663 2674 στητε]·
708 2589 814 2652 καὶ
866 2580 1096 2663 ἄλλοις
1134 2583 1256 2673 χρὴ
1305 2583 1614 2665 δικάζειν.

573 2695 761 2756 ΔΙΚ.
852 2687 1127 2766 Πάσαις
1169 2682 1208 2774 ἡ
1251 2681 1623 2775 Ἀκαδημία
1667 2699 1894 2773 κρατεῖ
1937 2686 2115 2773 πλὴν
2157 2690 2338 2771 μιᾶς.

575 2796 786 2858 ΕΡΜ.
876 2789 1279 2876 Παράδοξον
1325 2783 1549 2863 οὐδέν,
1609 2785 1784 2855 εἶναί
1839 2813 1990 2856 τινα
2046 2791 2159 2856 καὶ
2214 2792 2300 2878 τῇ
2348 2793 2571 2876 Μέθῃ

319 2899 389 2955 19
407 2898 785 2978 τιθέμενον.
885 2899 981 2959 19.
1025 2897 1358 2958 καθίσατε
1417 2892 1484 2958 οἳ
1541 2893 1626 2979 τῇ
1670 2894 1849 2978 Στοᾷ
1901 2889 2076 2974 πρὸς
2129 2889 2248 2979 τὴν
2285 2887 2572 2976 Ἡδονὴν

408 2995 723 3078 λαχόντες
767 2995 928 3079 περὶ
970 3003 1090 3059 τοῦ
1141 2992 1422 3079 ἐραστοῦ
1481 2991 1800 3073 δικάζειν·
1862 2992 2197 3078 ἐγκέχυται
2240 2992 2315 3058 τὸ
2363 2992 2572 3078 ὕδωρ.

410 3092 448 3182 ἡ
496 3095 926 3183 κατάγραφος
971 3090 1033 3183 [ἡ
1079 3094 1164 3160 τὰ
1210 3096 1510 3176 ποικίλα]
1559 3094 1637 3161 σὺ
1682 3091 1808 3193 ἤδη
1856 3098 2021 3181 λέγε.

316 3207 394 3262 20
584 3202 686 3267 20.
732 3200 1014 3264 ΣΤΟΑ.
1092 3194 1227 3264 Ούκ
1272 3191 1490 3284 ἀγνοῶ
1532 3202 1672 3280 μέν,
1716 3193 1770 3262 a}
1818 3193 2052 3283 ανδρες
2097 3197 2427 3278 δικασταί,
2476 3192 2572 3274 ὥς

406 3297 580 3387 πρὸς
626 3292 1074 3385 εὐπρόσωπόν
1117 3325 1236 3384 μοι
1280 3299 1400 3387 τὴν
1450 3293 1857 3367 ἀντίδικον”
1826 3326 1861 3366 ο
1911 3298 2155 3385 λόγος’
2134 3298 2344 3381 ε’σται,
2393 3292 2570 3365 ἀλλὰ

402 3404 513 3468 καὶ
557 3396 740 3485 ὑμῶν
797 3400 954 3479 τοὺς
1011 3400 1307 3479 πολλοὺς
1362 3397 1503 3487 ὁρῶ
1557 3399 1733 3485 πρὸς
1786 3401 1909 3485 μὲν
1965 3399 2217 3489 ἐκείνην
2273 3395 2572 3486 ἀποβλέ-

403 3528 660 3582 ποντας
715 3506 826 3571 καὶ
884 3505 1288 3588 μειδιῶντας
1344 3501 1522 3588 πρὸς
1578 3496 1814 3591 αὐτήν,
1874 3500 2034 3587 ἐμοῦ
2097 3504 2170 3570 δὲ
2223 3529 2570 3593 καταφρο-

403 3609 711 3683 νοῦντας,
769 3602 876 3673 ὅτι
924 3604 993 3672 ἐν
1032 3617 1175 3692 χρῷ
1216 3610 1540 3689 κέκαρμαι
1583 3607 1696 3672 καὶ
1741 3598 2134 3694 ἀρρενωπὸν
2175 3607 2410 3690 βλέπω
2454 3609 2567 3672 καὶ

404 3705 776 3795 σκυθρωπὴ
838 3707 1041 3775 δοκῶ·
1113 3700 1295 3792 ὅμως
1355 3707 1460 3789 δέ,
1526 3695 1605 3796 ἢν
1666 3703 2031 3795 ἐθελήσητε
2098 3701 2383 3775 ἀκοῦσαί
2437 3734 2568 3792 μου

404 3810 751 3898 λεγούσης,
810 3813 1053 3895 θαρρῶ
1107 3809 1281 3876 πολὺ
1342 3809 1727 3895 δικαιότερα
1784 3808 2029 3897 ταύτης
2086 3807 2277 3897 ἐρεῖν.
2368 3813 2569 3878 τοῦτο

402 3911 529 3997 γάρ
575 3935 684 3976 τοι
728 3913 838 3976 καὶ
882 3908 958 3976 τὸ
1007 3909 1227 3993 παρὸν
1274 3909 1563 3999 ἔγκλημά
1623 3909 1835 3986 ἐστιν,
1894 3903 2001 3977 ὅτι
2059 3911 2271 3990 οὕτως
2316 3911 2567 3998 ἑταιρι-

403 4016 536 4090 κῶς
582 4010 1095 4097 ἐνεσκευασμένη
1139 4015 1235 4096 τῷ
1282 4011 1611 4097 ἐπαγωγῷ
1655 4015 1774 4100 τῆς
1818 4008 2047 4097 ὅψεως
2093 4011 2374 4101 ἐραστὴν
2406 4013 2567 4098 ἐμὸν
2585 4027 2681 4078 815
