2867 4525
896 258 1000 310 ΔΙΣ
1036 256 1667 310 ΚΛΤΗΓΟΡΟΥΜΕΝΟΣ.
2277 259 2355 316 19

190 429 393 492 τοῦτο
441 427 564 509 μὲν
606 426 695 512 μὴ
746 426 1177 512 ἐπιτρέπετε,
1253 464 1320 476 -
1379 421 1685 513 άγνιῦμον
1736 429 1862 513 γὰρ
1910 422 2023 494 ἐπ’
2077 428 2192 513 ἐμὲ
2237 429 2357 518 τὴν

190 526 361 616 ἐμὴν
420 528 755 613 μάχαιραν
811 523 1056 596 ἇκονᾶν
1098 566 1184 577 -
1234 528 1404 596 κατὰ
1465 529 1537 596 δὲ
1593 528 1710 597 τὸν
1769 525 1974 596 αὑτοῦ
2030 529 2357 616 ἐρώμενον

187 629 313 696 τὸν
357 629 702 716 Διάλογον
749 630 962 708 ουτως
1008 626 1512 718 ἀπολογείσθω,
1558 620 1638 720 ἢν
1682 629 1978 726 δύνηται

80 746 169 796 829
366 735 579 798 EPM.
630 736 842 799 Τοῦτο
887 733 1010 816 μὲν
1055 727 1440 800 ἀπίθανον·
1498 728 1574 799 οὗ
1617 732 1743 819 γὰρ
1791 732 1936 800 οἶόν
1979 760 2080 818 τε,
2128 762 2181 801 ω
2217 732 2356 825 Ῥη-

184 834 456 921 τορική,
512 834 720 919 μόνον
782 828 984 902 αὐτὸν
1044 828 1548 922 ἀπολογεῖσθαι
1607 834 1778 901 κατὰ
1832 834 1909 903 τὸ
1975 841 2192 925 σχῆμα
2236 842 2356 906 τοῦ

185 936 556 1023 Διαλόγου,
603 930 778 1003 ἀλλὰ
824 938 1015 1026 ρῆσιν
1057 941 1168 1005 καὶ
1217 935 1418 1016 αὐτὸς
1464 936 1743 1006 εἰπάτω.

365 1045 470 1107 30.
517 1043 825 1107 ΣΥΡΟΣ.
876 1034 1060 1108 Ἐπεὶ
1103 1043 1217 1106 καὶ
1261 1044 1493 1126 τοῦτο,
1546 1066 1599 1104 ω
1645 1035 1881 1126 ανδρες
1925 1041 2259 1123 δικασταί,
2305 1037 2441 1129 ἥ30

186 1135 534 1220 ἀντίδικος
576 1137 1056 1232 τγανάκτησεν,
1116 1143 1178 1208 εἰ
1220 1144 1455 1229 μακρῷ
1506 1142 1843 1231 χρήσομαι
1883 1147 1980 1230 τῷ
2026 1143 2200 1231 λόγῳ
2240 1145 2356 1210 καὶ

187 1236 356 1309 avi-vc>
408 1242 484 1311 τὸ
534 1243 875 1310 δύνασθαι
921 1246 1130 1331 λέγειν
1173 1238 1342 1329 παρ’
1395 1243 1647 1332 ἐκείνης
1679 1244 1920 1330 λαβών,
1965 1245 2190 1313 πολλὰ
2234 1246 2356 1330 μὲν

184 1339 308 1411 οὐκ
355 1345 488 1429 ἐρῶ
533 1346 706 1432 πρὸς
749 1342 949 1430 ὑμᾶς,
1005 1345 1090 1412 τὰ
1148 1346 1485 1434 κεφάλαια
1532 1347 1605 1414 δὲ
1650 1341 1822 1413 αύτὰ
1868 1345 2356 1432 ἐπιλυσάμενος

180 1449 323 1512 τῶν
367 1453 964 1537 κατηγορηθέντων
1009 1444 1163 1533 ὑμῖν
1211 1442 1578 1533 ἀπολείψω
1625 1463 1900 1517 σκοπεῖν
1945 1452 2101 1533 περὶ
2135 1445 2356 1515 ἁπάν-

179 1567 356 1616 των·
405 1549 631 1618 πάντα
672 1549 799 1636 γὰρ
846 1546 1075 1618 ὁπόσα
1121 1545 1485 1640 διηγήσατο
1530 1553 1691 1635 περὶ
1736 1550 1898 1635 ἐμοῦ
1935 1546 2160 1639 ἀληθῆ
2190 1546 2354 1617 ὄντα

182 1651 589 1740 διηγήσατο·
645 1657 759 1720 καὶ
813 1652 940 1739 γὰρ
998 1652 1359 1720 ἐπαίδευσε
1413 1655 1527 1719 καὶ
1574 1653 2087 1740 συναπεδήμησε
2128 1655 2239 1719 καὶ
2286 1652 2354 1730 ἐς

179 1753 346 1832 τούς
372 1748 697 1844 (Έλληνας
742 1754 1100 1842 ἐνέγραψε,
1160 1757 1276 1820 καὶ
1324 1752 1496 1819 κατά
1538 1778 1613 1840 γε
1654 1758 1852 1821 τοῦτο
1890 1753 2086 1839 χάριν
2131 1782 2212 1822 αν
2257 1754 2354 1822 εἰ·

181 1855 379 1944 δείην
422 1882 515 1942 τῳ
561 1857 777 1944 γάμῳ.
868 1853 962 1924 δι
1016 1855 1096 1935 ἃς
1141 1856 1215 1922 δὲ
1268 1855 1492 1933 αἰτίας
1550 1849 1912 1925 ἀπολιπών
1973 1850 2176 1943 αὐτὴν
2234 1856 2352 1924 ἐπὶ

178 1961 454 2025 τουτονὶ
515 1957 634 2026 τὸν
690 1957 1029 2068 Διάλογον
1093 1957 1515 2045 ἐτραπόμην,
1580 1952 1935 2041 ἀκούσατε,
2005 1986 2057 2025 ω
2118 1954 2352 2044 άνδρες

182 2060 536 2142 δικασταί,
596 2068 712 2129 καί
765 2087 850 2145 με
904 2061 1109 2149 μηδὲν
1165 2064 1285 2127 τοῦ
1337 2065 1666 2148 χρησίμου
1725 2058 1912 2127 ε’νεκα
1964 2058 2351 2146 ψεύδεσθαι

176 2158 592 2251 ὑπολάβητε.
680 2171 784 2233 31.
830 2161 956 2249 ἐγω
1002 2162 1128 2251 γὰρ
1171 2158 1345 2248 ὁρῶν
1395 2161 1642 2250 ταύτην
1687 2157 1908 2230 οὐκέτι
1952 2167 2345 2251 σωφρονοῦ-
2360 2177 2435 2232 81

181 2288 312 2331 σαν
360 2258 516 2332 οὐδὲ
558 2271 892 2350 μένουσαν
940 2264 1056 2332 ἐπὶ
1096 2268 1218 2332 τοῦ
1259 2271 1542 2350 κοσμίου
1590 2265 1943 2353 σχήματος,
1991 2266 2136 2334 οἶόν
2180 2291 2351 2334 ποτε

180 2365 757 2456 ἐσχηματισμένην
782 2361 984 2452 αύτὴν
1008 2363 1042 2434 ὅ
1069 2365 1443 2445 Παιανιεὺς
1467 2366 1712 2446 ἐκεῖνος
1732 2361 2034 2455 ἠγάγετο,
2057 2394 2351 2454 κομμου-

81 2472 392 2555 83ομένην
438 2469 509 2535 δὲ
554 2471 668 2536 καὶ
711 2469 837 2548 τὰς
864 2475 1111 2556 τρίχας
1155 2467 1633 2550 εὐθετίζουσαν
1663 2471 1733 2550 ἐς
1759 2471 1836 2539 τὸ
1871 2470 2207 2558 ἑταιρικὸν
2238 2473 2350 2539 καὶ

179 2575 430 2657 φυκίον
498 2571 965 2661 ἐντριβομένην
1021 2576 1134 2639 καὶ
1188 2571 1282 2637 τα)
1351 2566 1700 2659 ὀφθαλμώ
1768 2569 2347 2662 ὑπογραφομένην,

176 2668 595 2741 ὑπώπτευον
639 2670 845 2754 εὐθὺς
878 2677 988 2742 καὶ
1032 2673 1555 2762 ’παρεφύλαττον
1612 2672 1778 2741 ὅποι
1819 2673 1938 2741 τὸν
1983 2669 2350 2763 ὀφθαλμὸν

178 2779 400 2863 φέρει.
489 2779 601 2844 καὶ
644 2775 730 2842 τὰ
773 2777 895 2861 μὲν
940 2771 1114 2843 ἄλλα
1160 2775 1277 2843 ἐῶ·
1321 2770 1490 2842 καθ’
1543 2774 1822 2865 ἑκάστην
1869 2776 1943 2842 δὲ
1984 2775 2105 2864 τὴν
2150 2774 2350 2842 νύκτα

178 2872 214 2942 ὅ
263 2877 393 2961 μὲν
438 2876 786 2956 στενωπὸς
829 2874 1017 2966 ἡμῶν
1076 2878 1541 2962 ἐνεπίμπλατο
1598 2877 1992 2964 μεθυόντων
2052 2876 2350 2965 ἐραστῶν

175 2978 626 3064 κωμαζόντων
674 2975 788 3047 ἐπ’
842 2975 1046 3069 αὐτὴν
1088 2984 1199 3048 καὶ
1244 2982 1633 3048 κοπτόντων
1677 2979 1796 3070 τὴν
1839 2980 2096 3067 θύραν,
2154 2981 2347 3048 ἐνίων

181 3083 257 3149 δὲ
300 3085 416 3150 καὶ
465 3081 907 3168 ἐσβιάζεσθαι
953 3082 1073 3150 σὺν
1119 3077 1338 3151 οὖδενὶ
1383 3083 1615 3169 κόσμῳ
1668 3082 2088 3167 τολμώντων.
2179 3076 2343 3169 αὗτὴ

180 3185 255 3252 δὲ
302 3184 500 3271 ἐγέλα
543 3188 655 3253 καὶ
699 3185 897 3272 ἥδετο
940 3198 1087 3264 τοῖς
1133 3186 1499 3270 δρωμένοις
1541 3187 1653 3251 καὶ
1696 3210 1783 3250 τα
1806 3174 2106 3251 πολλά”
2061 3211 2102 3273 η
2136 3190 2350 3270 παρέ-

178 3312 433 3354 κυπτεν
493 3281 630 3354 ἇπό
690 3291 810 3353 τοῦ
866 3292 1096 3374 τέγους
1162 3281 1465 3375 ᾀδόντων
1533 3281 1868 3353 ἀκούουσα
1930 3292 2206 3374 τραχείᾳ
2260 3291 2347 3375 τῆ

180 3394 381 3479 φωνῇ
426 3384 608 3476 ᾠδάς
638 3413 828 3467 τινας
858 3379 1250 3475 ἐρωτικὰς”
1207 3416 1246 3479 η
1278 3392 1391 3457 καὶ
1432 3394 1945 3475 παρανοίγουσα
1972 3388 2095 3466 τὰς
2125 3388 2346 3474 θύρας

179 3492 296 3577 ἐμὲ
343 3491 614 3579 οἰομένη
666 3491 1031 3559 λανθάνειν
1074 3485 1422 3580 ἠσέλγαινε
1464 3489 1638 3558 καὶ’
1611 3490 1988 3575 εμοιχεύετο
2021 3488 2195 3574 πρὸς
2227 3516 2346 3555 αυ-

179 3613 341 3661 των·
391 3586 564 3682 όπερ
609 3593 735 3680 ἐγώ
781 3594 871 3680 μὴ
918 3599 1144 3682 φέρων
1187 3593 1599 3680 γράψασθαι
1643 3593 1764 3677 μὲν
1810 3585 2014 3680 αὐτὴν
2044 3597 2347 3676 μοιχείας

182 3691 297 3764 οὔκ
343 3695 758 3780 ἐδοκίμαζον,
806 3696 873 3763 ἐν
912 3695 1231 3783 γειτόνων
1262 3696 1334 3762 δὲ
1365 3695 1657 3764 οἰκοῦντι
1685 3699 1785 3781 τῷ
1811 3694 2130 3781 Διαλόγῳ
2175 3719 2345 3778 προ-

186 3798 455 3866 σελθών
498 3793 728 3887 ἠξίουν
773 3798 1271 3885 καταδεχθῆναι
1313 3790 1439 3864 ὑπ’
1494 3790 1717 3863 αὐτοῦ.

352 3908 458 3970 32.
513 3896 742 3969 Ταῦτά
787 3900 970 3969 ἐστιν
1025 3900 1067 3969 ἃ
1122 3901 1240 3990 τὴν
1277 3896 1650 3989 Ῥητορικὴν
1707 3896 1832 3984 ἐγὼ
1889 3899 2146 3986 μεγάλα
2189 3891 2431 3985 ἡδί-32

183 4031 363 4094 κηκα.
453 4011 679 4072 καίτοι
726 4005 786 4073 εἰ
830 4007 941 4073 καὶ
985 4004 1190 4092 μηδὲν
1238 3997 1407 4091 αὐτῇ
1449 4004 1716 4068 τοιοῦτο
1763 4000 2180 4086 ἐπέπρακτο,
2225 4025 2343 4064 κα-

1862 4103 1935 4154 2*
