2867 4525
902 285 1008 336 ΔΙΣ
1042 284 1672 339 ΚΑἸῊΓΟΡΟΥΜΕΝΟΣ.
2308 285 2382 342 15

178 497 193 516 .·
221 448 598 542 ὠφελήσειν
639 479 709 520 τι
756 446 959 521 αὐτὸν
1002 452 1158 533 τούς
1201 456 1360 542 περὶ
1391 457 1512 541 τῆς
1539 462 1893 541 καρτερίας
1925 456 2186 550 λόγους·
2235 455 2386 523 ἐπεὶ

214 557 292 621 δὲ
337 551 584 645 ἤλγησε
639 558 754 623 καὶ
811 553 1089 644 ἐνόσησε
1145 560 1258 625 καὶ
1304 552 1339 623 ὅ
1398 556 1613 634 πόνος
1671 550 2124 646 ἀληθέστερος
2184 551 2385 625 αὐτοῦ

217 663 576 743 καθίκετο,
639 655 804 725 ἰδών
860 656 938 726 τὸ
1000 661 1198 742 σῶμα
1254 657 1329 726 τὸ
1392 657 1633 725 ἑαυτοῦ
1680 652 2259 746 ἀντιφιλοσοφοῦν
2303 663 2385 746 τῇ

215 763 400 849 Στοᾷ
456 762 573 827 καὶ
628 753 953 827 τάναντία
1014 759 1412 846 δογματίζον
1471 753 1652 847 αὐτῷ
1708 763 1966 845 μᾶλλον
2019 752 2063 849 ἢ
2123 762 2386 839 τούτοις

216 862 581 929 ἐπίστευσε
622 865 735 931 καὶ
781 860 946 948 ἔγνω
1012 857 1412 951 ἅνθρωπος·
1442 851 1535 931 ὢν
1589 866 1703 932 καὶ
1764 858 2133 951 ἀνθρώπου
2191 868 2385 949 σῶμα

215 964 417 1047 ἔχων,
477 966 592 1032 καὶ
647 964 1013 1033 διετέλεσεν
1076 960 1191 1048 οὐχ
1250 961 1346 1043 ὥς
1404 959 1752 1052 ἀνδριάντι
1813 959 1995 1053 αὐτῷ
2045 967 2386 1054 χρώμενος

213 1065 422 1145 εἰδώς
467 1059 596 1149 ὅτι,
624 1065 720 1146 ὃς
765 1056 844 1136 ὃν
891 1062 1109 1145 ἄλλως
1155 1069 1308 1155 λέγῃ
1354 1069 1467 1136 καὶ
1512 1063 1755 1157 ἡδονῆς
1798 1071 2148 1159 κατηγορῇ,

573 1168 835 1255 λόγοισι
871 1175 1112 1258 χαίρει,
1158 1167 1277 1235 τὸν
1322 1169 1395 1236 δὲ
1442 1173 1595 1237 νοῦν
1642 1164 1845 1239 ἐκεῖσ’
1898 1170 2050 1255 ἔχει.

217 1271 490 1358 εἴρηκα·
536 1266 726 1355 ὑμεῖς
770 1272 842 1338 δὲ
888 1270 1006 1338 ἐπὶ
1047 1264 1317 1351 τούτοις
1359 1272 1930 1360 ψηφοφορήσατε.

112 1396 193 1447 821
393 1377 498 1438 22.
545 1376 827 1440 ΣΤΟΑ.
874 1373 1259 1463 Μηδαμῶς,
1308 1366 1479 1441 ἀλλὰ
1523 1373 1717 1461 ὀλίγα
1758 1401 1879 1461 μοι
1923 1379 2470 1466 συνερωτῆσαι22

215 1473 661 1560 ἐπιτρέψατε.
696 1532 703 1536 ,

395 1581 643 1644 ΕΠΙΚ.
684 1575 1081 1666 Ἐρώτησον·
1130 1572 1627 1665 ἀποκρινοῦμαι
1668 1578 1815 1665 γάρ.

394 1682 679 1747 ΣΤΟΑ.
725 1678 951 1747 Κακὸν
994 1675 1125 1769 ἡγῆ
1166 1679 1287 1748 τὸν
1333 1682 1582 1765 πόνον,·

397 1785 646 1848 ΕΠΙΚ.
693 1787 854 1847 Ναί.

396 1886 680 1950 ΣΤΟΑ.
736 1882 871 1972 Τὴν
914 1879 1172 2002 ἡδονὴν
1204 1883 1277 1950 δε
1323 1836 1627 1969 ἇγαθον;
1699 1943 1706 1952 ,

398 1987 646 2052 ΕΠΙΚ.
692 1984 886 2052 Πάνυ
929 1985 1051 2069 μὲν
1097 2011 1232 2054 ουν.

398 2090 683 2154 ΣΤΟΑ.
746 2092 869 2154 Τί
888 2087 998 2169 δέ,·
1052 2082 1266 2154 οἶσθα
1324 2094 1395 2155 τί
1450 2087 1779 2177 διάφορον
1836 2115 1946 2155 και
2009 2054 2385 2174 ἀδιάφορον

216 2193 336 2258 καὶ
384 2194 806 2279 προηγμένον
851 2191 958 2257 καὶ
1009 2182 1605 2278 ἆποπροηγμένον;

400 2298 650 2361 ΕΠΙΚ.
696 2292 1047 2359 Μάλιστα.

400 2400 612 2462 ΕΡΜ.
677 2391 775 2462 Ου’
819 2417 1062 2483 φασιν,
1123 2420 1176 2459 ω
1208 2394 1433 2475 Στοά,
1492 2397 1790 2462 συνιέναι
1833 2395 1900 2462 οἱ
1947 2395 2258 2462 δικασταὶ
2301 2394 2385 2465 τὰ

220 2497 600 2583 δισύλλαβα
642 2501 861 2564 ταῦτα
915 2495 1343 2584 ερωτήματα·
1403 2490 1580 2565 ω’στε
1620 2493 1900 2583 ἡσυχίαν
1945 2492 2158 2585 ἄγετε.
2249 2509 2385 2584 ψη·-

221 2595 698 2688 φοφορήσουσι
742 2598 890 2685 γάρ.

398 2705 682 2769 ΣΤΟΑ.
727 2705 858 2769 Καὶ
900 2701 1034 2786 μὴν
1079 2701 1405 2790 ἐκράτησα
1454 2697 1553 2778 άν,
1601 2702 1661 2768 εἰ
1706 2701 2139 2790 συνηρώτησα
2184 2700 2252 2766 ἐν
2287 2705 2386 2786 τῷ

215 2810 430 2890 τρίτῳ
474 2807 607 2871 τῶν
655 2798 1158 2871 ἀναποδείκτων
1204 2804 1513 2921 σχήματι.

395 2911 582 2975 ΔΙΚ.
635 2913 758 2985 Τίς
801 2903 1196 2993 ὖπερέσχεν,·

397 3013 610 3078 ΕΡΜ.
655 3009 930 3087 Πάσαις
973 3004 1013 3097 ἡ
1054 3005 1337 3096 Ἠδονή.

395 3113 681 3179 ΣΤΟΑ.
721 3104 994 3199 Ἐφίημι
1040 3110 1155 3178 επὶ
1200 3109 1318 3178 τὸν
1364 3114 1525 3176 Δία.

396 3218 585 3279 ΔΙΚ.
640 3214 814 3302 Τύχῃ
861 3217 943 3301 τῇ
990 3212 1237 3301 ἀγαθῇ.
1307 3211 1387 3278 σὺ
1437 3211 1508 3279 δὲ
1555 3207 1796 3289 αλλους
1839 3176 2049 3279 κάλει.

398 3318 503 3380 23.
551 3318 760 3383 ΕΡΜ.
808 3317 983 3399 Περὶ
1018 3308 1475 3401 Ἀριστίππου
1514 3307 1749 3400 Ἀρετὴ
1794 3314 1907 3378 καὶ
1961 3311 2223 3399 Τρυφή,
2269 3312 2379 3377 καὶ
2398 3327 2475 3382 23

210 3415 676 3503 Ἀρίστιππος
719 3417 792 3484 δὲ
837 3410 1039 3495 αυτὸς
1081 3421 1423 3501 παρέστω.

398 3523 741 3586 ΑΡΕΤΗ.
838 3525 1188 3606 Προτέραν
1256 3516 1371 3602 ἐμὲ
1432 3515 1555 3606 χρὴ
1622 3515 1742 3604 τὴν
1799 3508 2071 3601 Ἀρετὴν
2141 3515 2385 3597 λέγειν’

220 3619 387 3705 ἐμὸς
438 3621 566 3707 γάρ
628 3645 809 3690 εστιν
846 3615 1326 3706 Ἀρίστιππος,
1386 3615 1478 3697 ὥς
1535 3619 1846 3707 δηλοῦσιν
1908 3616 1972 3682 οἱ
2032 3613 2217 3700 λόγοι
2275 3616 2386 3682 καὶ

206 3722 309 3788 τὰ
361 3722 542 3808 ε’ργα.

403 3829 742 3893 ΤΡΥΦΗ.
818 3819 913 3892 Οὐ
956 3826 1078 3910 μὲν
1123 3810 1269 3904 οῦν,
1338 3815 1489 3888 ἀλλ’
1540 3819 1656 3904 ἐμὲ
1697 3818 1814 3908 τὴν
1867 3786 2169 3908 Τρυφήν·
2231 3816 2389 3903 ἐμὸς

220 3927 347 4013 γὰρ
394 3922 432 3994 o‘
483 3920 682 4014 ἀνήρ,
742 3952 836 4005 ως
894 3926 1075 3993 ἔστιν
1133 3921 1298 4011 ὖρᾶν
1354 3917 1493 3990 ἀπὸ
1541 3926 1673 3991 τῶν
1720 3920 2071 4011 στεφάνων
2115 3922 2228 3987 καὶ
2270 3922 2388 4007 τῆς

203 4029 654 4119 πορφυρίδος
696 4031 808 4097 καὶ
850 4039 982 4094 τῶν
1024 4027 1273 4114 μύρων.
