2867 4525
395 212 523 272 104
1290 209 1668 264 ΛΟΥΚῙΑΝΟΥ

387 384 606 469 χανῶν
664 384 762 468 τῷ
818 380 1168 467 πράγματι
1218 417 1304 427 -
1369 378 1649 446 ἐδεδίειν
1715 375 1846 463 γὰρ
1908 375 2000 464 μή
2066 374 2103 444 ὃ
2159 376 2557 468 Παγκράτης

394 480 797 552 ἐπανελθών
841 475 1298 570 ἀγανακτήσῃ,
1357 474 1530 567 ὅπερ
1572 482 1685 548 καὶ
1732 477 1988 565 ἐγένετο
2034 518 2119 528 -
2163 473 2393 568 ἀξίνην
2438 481 2557 546 λα-

391 586 530 674 βῶν
574 584 922 654 διακόπτω
978 581 1055 651 τὸ
1113 581 1364 670 ῧπερον
1410 582 1479 662 ἐς
1530 580 1650 648 δύο
1705 584 1905 670 μέρη·
1956 579 2040 648 τὰ
2089 581 2196 663 δέ,
2249 580 2557 706 ἑκάτερον

393 688 470 757 τὸ
525 692 764 775 μέρος,
832 679 1182 773 ἀμφορέας
1248 684 1541 770 λαβόντα
1599 679 1965 805 ὑδροφόρει
2015 686 2129 751 καὶ
2186 676 2347 749 ἄνθ’
2412 682 2561 762 ἑνὸς

396 791 515 858 δύο
557 814 677 874 μοι
724 786 1025 875 ἐγένοντο
1067 784 1461 875 ὖδροφόροι.
1548 785 1619 853 ἐν
1661 785 1878 872 τούτῳ
1920 787 2033 853 καὶ
2077 780 2112 852 ὅ
2159 785 2562 874 Παγκράτης

396 891 760 980 ἐφίσταται
787 891 900 957 καὶ
931 891 1150 968 συνεὶς
1178 887 1255 957 τὸ
1279 887 1632 976 γενόμενον
1664 886 1877 955 ἐκεῖνα
1898 886 2021 972 μὲν
2046 871 2251 965 αυθις
2283 886 2563 975 ἐποίησε

398 991 578 1074 ξύλα,
627 989 860 1077 ωσπερ
904 976 984 1081 ἦν
1027 989 1163 1075 πρὸ
1209 993 1329 1079 τῆς
1373 989 1662 1078 ἐπῳδῆς,
1710 982 1909 1067 αὐτὸς
1956 988 2029 1055 δὲ
2072 980 2434 1055 ἀπολιπών
2476 1013 2563 1073 με

398 1091 633 1162 λαθων
691 1087 807 1161 οὐκ
865 1086 995 1160 οἶδ’
1060 1090 1227 1161 ’όποι
1283 1085 1548 1179 ἆφανὴς
1605 1085 1812 1177 ᾤχετο
1873 1089 2120 1158 άπιιόν.
2221 1093 2366 1158 Νῦν
2425 1114 2561 1171 ουν,

400 1197 528 1286 ε’φη
587 1191 623 1263 ὃ
668 1193 1114 1278 Δεινόμαχος,
1170 1190 1398 1315 οἶσθας
1437 1219 1560 1261 καν
1614 1191 1861 1274 ἐκεῖνο,
1920 1187 2292 1279 ἄνθρωπον
2336 1205 2564 1260 ποιεῖν

397 1298 467 1366 ἐκ
510 1301 630 1364 τοῦ
672 1293 960 1384 ὖπέρου,·
1020 1293 1122 1386 Νὴ
1167 1292 1310 1378 Δί’,
1357 1280 1398 1385 ἧ
1446 1289 1505 1361 δ’
1556 1319 1661 1376 09,
1709 1293 1783 1373 ἐξ
1821 1289 2133 1380 ἡμισείας
2174 1313 2281 1381 γε·
2344 1289 2564 1362 οὐκέτι

393 1425 519 1488 γαρ
568 1398 636 1478 59
664 1396 740 1466 τὸ
777 1391 1053 1484 άρχαῖον
1086 1396 1230 1465 οἷόν
1260 1401 1334 1465 τέ
1361 1423 1484 1483 μοι
1514 1392 1699 1484 ἄγειν
1737 1390 1921 1479 αὖτό,
1966 1386 2047 1486 ἢν
2076 1388 2267 1475 άπαξ
2291 1401 2561 1485 γένηται

394 1498 803 1590 ὑδροφόρος,
874 1493 1043 1566 ἀλλὰ
1103 1499 1325 1589 δεήσει
1381 1495 1542 1588 ἡμῖν
1608 1498 2104 1589 ἐπικλυσθῆναι
2166 1497 2284 1585 τὴν
2344 1499 2640 1567 οἰκίαν63

404 1603 962 1689 ἐπαντλουμένην.

293 1721 363 1777 87
571 1697 826 1773 37.οὗ
872 1702 1256 1785 παύσεσθε,
1303 1688 1382 1792 ἧν
1429 1697 1494 1770 δ’
1549 1701 1708 1789 ἐγώ,
1753 1701 1839 1769 τὰ
1883 1706 2167 1771 τοιαῦτα
2208 1705 2567 1790 τερατολο-

394 1810 664 1894 γοῦντες
691 1810 994 1893 γέροντες
1027 1800 1291 1890 ἄνδρεςς
1335 1805 1396 1872 εἰ
1428 1805 1502 1872 δὲ
1531 1805 1644 1895 μή,
1690 1800 1860 1871 ἄλλα
1888 1793 2011 1871 κᾶν
2040 1807 2173 1872 τῶν
2201 1810 2564 1892 μειρακίων

394 1908 654 1976 τούτων
699 1906 887 1974 ε’νεκα
934 1905 1030 1984 εἰς
1075 1900 1276 1974 ἄλλον
1333 1906 1568 1993 καιρὸν
1616 1903 2131 1993 ὑπερβάλλεσθε
2173 1905 2297 1984 τὰς
2339 1932 2566 1993 παρα-

400 2005 634 2089 δόξους
679 2009 928 2086 ταύτας
987 2009 1097 2075 καὶ
1146 2006 1445 2097 φοβερὰς
1501 2007 1866 2135 διηγήσεις,
1925 2007 2014 2095 μή
2061 2033 2211 2088 πως
2255 2007 2566 2076 λάθωσιν

398 2109 557 2201 ἡμῖν
615 2112 1122 2198 ἐμπλησθέντες
1180 2109 1516 2194 δειμάτων
1572 2113 1686 2177 καὶ
1744 2104 2123 2178 ἆλλοκότων
2179 2113 2566 2199 μυθολογη-

397 2214 650 2301 μάτων.
741 2214 1109 2303 φείδεσθαι
1157 2237 1272 2280 ουν
1321 2210 1446 2302 χρὴ
1504 2205 1722 2281 αυτῶν
1775 2212 1944 2302 μηδὲ
1988 2215 2270 2281 τοιαῦτα
2315 2212 2566 2294 ἐθίζειν

401 2314 705 2399 άκούειν,
766 2315 808 2382 6
868 2315 982 2384 διὰ
1036 2314 1294 2392 παντὸς
1348 2317 1468 2382 τοῦ
1521 2320 1675 2401 βίου
1730 2314 2067 2403 ἐνοχλήσει
2122 2314 2404 2384 συνόντα
2453 2319 2564 2384 καὶ

398 2419 775 2507 ψοφοδεεῖς
789 2417 1083 2538 ποιήσει
1125 2418 1455 2538 ποικίλης
1468 2420 1586 2504 τῆς
1618 2417 2151 2502 δεισιδαιμονίας
2179 2418 2568 2503 ἐμπιπλάν-

295 2533 370 2592 88
406 2547 513 2588 τα.
588 2524 689 2589 38.
722 2505 817 2587 Ev
859 2544 933 2607 γε
960 2515 1367 2608 ὗπέμνησ,ας
1414 2546 1454 2609 η
1488 2512 1548 2586 δ’
1601 2517 1678 2598 ὃς
1712 2515 1747 2587 ὅ
1781 2513 2141 2610 Ευκράτης,
2187 2520 2401 2589 εἰπών
2443 2519 2566 2607 τὴν

404 2623 965 2709 δεισιδαιμονίαν.
1037 2627 1107 2690 τί
1148 2621 1274 2709 γάρ
1320 2645 1450 2704 σοι,
1499 2607 1552 2687 ὦ
1602 2620 1915 2709 Τυχιάδη,
1962 2625 2120 2709 περὶ
2164 2648 2299 2690 των
2341 2622 2565 2691 τοιού-

403 2752 537 2793 των
585 2726 784 2809 δοκεῖ,
832 2728 1000 2813 λέγω
1047 2725 1120 2792 δὲ
1157 2747 1472 2813 χρησμων
1512 2726 1625 2791 καὶ
1652 2722 2027 2812 θεσφάτων
2068 2727 2182 2792 καὶ
2226 2717 2357 2792 όσα
2401 2730 2566 2792 θεο-

404 2828 815 2916 φορούμενοί
878 2851 1057 2906 τινες
1121 2820 1502 2912 ἀναβοῶσιν
1574 2813 1616 2913 ἢ
1683 2824 1757 2904 ἐξ
1819 2819 2082 2893 ἆδύτων
2149 2822 2465 2894 ἀκούεται
2524 2815 2568 2915 ἢ

404 2934 754 3018 παρθένος
797 2928 1090 3014 ἔμμετρα
1135 2931 1560 3017 φθεγγομένη
1593 2927 2054 3012 προθεσπίζει
2079 2926 2162 2995 τὰ
2207 2929 2570 3013 μέλλοντας

401 3020 442 3119 ἦ
490 3029 739 3119 δηλαδή
784 3033 896 3098 καὶ
940 3042 1083 3107 τοῖς
1125 3028 1462 3107 τοιούτοις
1507 3022 1928 3116 ἀπιστήσεις.
2005 3027 2129 3116 ἐγώ
2179 3029 2252 3097 δὲ
2296 3024 2406 3098 ὅτι
2446 3029 2569 3113 μὲν

402 3135 516 3209 καὶ
577 3125 929 3198 δακτύλιόν
993 3155 1145 3198 τινα
1214 3128 1392 3216 ἱερὸν
1455 3129 1582 3213 ἔχω
1629 3122 2061 3211 ’Λπόλλωνος
2116 3135 2235 3201 τοῦ
2290 3135 2569 3200 Πυθίου

407 3232 632 3318 εἰκόνα
684 3232 1093 3321 ἐκτυπούσης
1147 3234 1269 3322 τῆς
1313 3234 1687 3320 σφραγῖδος
1740 3236 1853 3302 καὶ
1900 3228 2095 3313 οὗτος
2138 3230 2173 3303 ὅ
2214 3226 2569 3300 Ἀπόλλων

407 3340 781 3425 φθέγγεται
823 3334 999 3422 πρὸς
1043 3327 1301 3419 ἐμέ,οὗ
1348 3335 1545 3421 λέγω,
1589 3335 1678 3426 μή
1726 3358 1839 3404 σοι
1884 3332 2144 3404 ἄπιστα
2188 3335 2364 3414 δόξω
2408 3338 2570 3423 περὶ

409 3437 699 3523 ἐμαυτοῦ
755 3437 1364 3523 μεγαλαυχεῖσθαι·
1421 3435 1464 3502 6
1512 3436 1584 3505 δὲ
1641 3436 1709 3505 ἐν
1744 3432 2156 3527 Ἀμφιλόχου
2200 3462 2277 3524 γε
2318 3433 2570 3522 ἤκουσα

408 3539 477 3607 ἐν
507 3542 796 3627 Μαλλῷ,
841 3542 962 3605 τοῦ
1005 3530 1223 3624 ήρωος
1254 3530 1438 3624 ύπαρ
1477 3539 1947 3623 διαλεχθέντος
1974 3567 2094 3659 μοι
2123 3544 2234 3607 καὶ
2280 3546 2571 3625 συμβου-

411 3642 763 3721 λεύσαντος
810 3637 979 3728 ὖπὲρ
1023 3644 1157 3707 τῶν
1190 3639 1385 3724 ἐμῶν,
1428 3644 1541 3708 καὶ
1589 3638 1630 3707 6
1664 3640 1841 3711 εἶδον
1887 3636 2105 3725 αυτός,
2151 3641 2369 3709 ἐθέλω
2415 3637 2570 3725 ὗμῖν

407 3743 656 3825 εἰπεῖν,
725 3740 869 3811 εἶτα
925 3743 1074 3831 εξῆς
1141 3742 1184 3808 6
1253 3741 1320 3809 ἐν
1376 3739 1713 3829 Περγάμῳ
1779 3741 1959 3812 εἶδον
2021 3747 2133 3812 καὶ
2187 3740 2438 3833 ἤκουσα
2497 3741 2647 3816 ἐν64

405 3844 782 3932 Πατάροις·
814 3842 1028 3912 ὁπότε
1054 3845 1181 3932 γὰρ
1213 3844 1669 3931 ἐξΑἰγὺπτου
1704 3845 2019 3935 ἐπανῄειν
2051 3847 2280 3914 σι’καδε
2312 3841 2568 3913 ἀκούων

406 3945 483 4014 τὸ
533 3945 601 4013 ἐν
631 3948 898 4033 Μαλλῷ
942 3951 1140 4027 τοῦτο
1183 3961 1500 4031 μαντεῖον
1547 3947 2087 4037 ἐπιφανέστατόν
2132 3974 2205 4017 τε
2248 3951 2359 4015 καὶ
2407 3942 2569 4037 άλη-

354 4292 501 4456 ι
