2867 4525
785 241 938 296 ΠΕΡΙ
972 242 1102 296 ΤΟΥ
1135 240 1233 296 ΜΗ
1267 241 1426 296 ΡΔιΔ.
1453 240 1629 294 ,ΠΙΣΤ.
1664 240 1980 298 ΔΙΔΒΟΛΗι.
2347 246 2467 305 135

295 411 575 490 σκάλοις
620 404 937 500 άφορμὰς
981 410 1049 491 ἐς
1089 410 1176 479 τὰ
1222 409 1532 498 δράματα
1574 408 1653 477 τὸ
1714 415 1983 479 τοιοῦτο
2029 417 2466 537 παρέσχηται,

290 513 456 593 τοὺς
519 514 967 599 Λαβδακίδας
1031 518 1144 583 καὶ
1215 514 1373 592 τοὺς
1424 513 1824 591 Πελοπίδας
1880 516 1993 581 καὶ
2051 513 2137 581 τά
2204 516 2469 597 τούτοις

295 614 784 702 παραπλήσια·
844 616 1079 700 σχεδὸν
1132 614 1260 704 γάρ
1314 613 1399 681 τὰ
1459 617 1747 683 πλεῖστα
1800 616 1936 682 τῶν
1991 614 2063 682 ἐν
2119 620 2205 706 τῇ
2262 641 2458 708 σκηντ

295 714 798 803 ἀναβαινόντων
848 720 1066 786 κακῶν
1123 716 1308 805 εύροι
1361 741 1466 797 τις
1525 744 1605 785 αν
1661 712 1795 783 ὖπδ
1854 719 1978 805 τῆς
2030 711 2304 805 άγνοίας
2345 746 2466 788 κα-
2541 780 2545 783 .

290 820 531 947 θάπερ
577 815 710 887 ὖπδ
756 822 1072 907 τραγικοῦ
1129 842 1314 897 τινος
1359 818 1679 904 δαίμονος
1720 823 2234 908 κεχορηγημένα·
2296 824 2465 907 λέγω

294 922 369 990 δὲ
413 924 527 989 καὶ
573 920 641 1000 ἐς
683 921 768 989 τά
801 918 973 989 ἄλλα
1001 921 1122 1006 μὲν
1160 914 1593 1006 άποβλέπων,
1639 920 1935 1006 μάλιστα
1981 920 2054 989 δὲ
2085 919 2153 1000 ἐς
2180 921 2304 1003 τὰς
2348 918 2467 993 obn

293 1018 581 1113 άληθεῖς
623 1022 792 1091 κατὰ
839 1026 974 1092 τῶν
1019 1022 1333 1112 συνήθων
1378 1023 1491 1090 καὶ
1543 1024 1763 1111 φίλων
1818 1022 2157 1108 διαβολάς,
2203 1019 2318 1111 ὕφ’
2374 1023 2462 1091 οἷν

179 1142 273 1193 127
299 1124 431 1215 ἤδη
474 1130 587 1195 καὶ
633 1123 808 1194 οἶκοι
853 1116 1221 1194 ἂνάστατοι
1247 1124 1558 1212 γεγόνασι
1597 1127 1710 1192 καὶ
1755 1124 1992 1204 πόλεις
2037 1120 2242 1215 άρδην
2290 1123 2462 1192 ἀπο-

292 1230 555 1297 λώλασι
597 1233 885 1315 πατέρες
925 1252 1002 1295 τε
1043 1225 1214 1295 κατὰ
1258 1225 1527 1295 παίδων
1568 1225 1977 1316 ἐξεμάνησαν
2021 1230 2134 1295 καὶ
2178 1222 2462 1315 ἀδελφοὶ

289 1330 464 1400 κατὰ
510 1334 645 1399 τῶν
691 1326 1026 1417 ὅμογενῶν
1069 1330 1184 1396 καὶ
1227 1327 1471 1407 παῖδες
1512 1327 1681 1396 κατὰ
1725 1332 1860 1396 τῶν
1902 1334 2306 1415 γειναμένων
2350 1339 2458 1397 καὶ

292 1434 575 1550 ἐρασταὶ
618 1431 788 1500 κατὰ
832 1435 967 1499 τῶν
1012 1429 1385 1516 ἐρωμένων·
1438 1431 1690 1498 πολλαὶ
1728 1430 1801 1497 δὲ
1842 1433 1955 1498 καὶ
2000 1434 2230 1519 φιλίαι
2274 1459 2350 1499 m·
2358 1459 2462 1499 με’

288 1536 600 1625 κόπησαν
657 1538 770 1603 καὶ
814 1533 1003 1620 ὅρκοι
1061 1532 1523 1653 συνεχύθησαν
1565 1528 1701 1600 ὑπὸ
1754 1534 1878 1619 τῆς
1918 1531 2087 1599 κατὰ
2137 1532 2258 1611 τὰς
2314 1539 2458 1599 dtr:

287 1638 503 1725 βολὰς
545 1635 1029 1723 πιθανότητος.
1111 1639 1171 1700 2.
1216 1627 1304 1701 ἵν’
1357 1620 1473 1701 οὖν
1518 1658 1611 1713 ως
1654 1655 1893 1721 ηκιστα
1935 1641 2458 1721 περιπίπτιοηει
2494 1651 2530 1703 Ε

291 1738 557 1822 αὐταῖς,
618 1734 974 1817 ὑποδεῖξαι
1014 1736 1349 1822 βούλομαι
1390 1738 1490 1823 τῷ
1535 1735 1711 1822 λόγῳ
1753 1734 2072 1822 καθάπερ
2119 1736 2238 1806 ἐπί
2278 1767 2462 1815 rung

288 1844 556 1930 γραφῆς
600 1836 844 1908 ὅποῑόν
887 1845 958 1907 τί
1001 1833 1248 1906 ἐστινε
1212 1864 1254 1927 η
1287 1836 1567 1926 διαβολὴ
1600 1839 1713 1905 καὶ
1757 1837 1983 1906 πόθεν
2030 1834 2298 1924 ἄρχεται
2346 1845 2458 1907 κοτὲ

291 1940 508 2012 ὅποῖα
553 1941 912 2028 ἐργάζεται.
1001 1941 1256 2026 μάλλον
1311 1940 1384 2007 δὲ
1421 1936 1754 2024 Ἀπελλῆς
1808 1936 1843 2007 6
1884 1934 2190 2029 Ἐφέσιος
2242 1943 2458 2011 adim

288 2045 540 2133 ταύτην
585 2038 928 2131 προύλαβε
968 2040 1094 2127 τὴν
1139 2041 1389 2109 εἰκόνα·
1444 2045 1556 2110 καὶ
1607 2040 1734 2128 γάρ
1789 2026 1871 2108 αὖ
1916 2045 2027 2110 καὶ
2071 2037 2262 2123 οὗτος
2310 2047 2458 2111 οεο-

287 2150 578 2237 βληθεὶς
621 2145 796 2233 πρὸς
824 2142 943 2212 τὸν
973 2145 1421 2228 Πτολεμαῖον
1431 2168 1522 2223 ως
1549 2142 1965 2232 μετεσχηκὼς
1999 2145 2298 2235 Θεοδότᾳ
2346 2175 2418 2211 Ἠ
2406 2175 2458 2235 ς

290 2253 721 2336 συνωμοσίας
777 2246 845 2315 ἐν
897 2244 1122 2370 Τύρῳ,
1181 2241 1215 2313 6
1279 2245 1353 2315 δὲ
1388 2239 1735 2338 Ἀπελλῆς
1779 2241 1896 2332 ούχ
1954 2246 2233 2335 ἑωράκει
2294 2251 2458 2315 ποτὲ

286 2352 409 2442 τὴν
475 2351 687 2439 Τύρον
739 2341 897 2417 οὐδὲ
950 2348 1067 2416 τὸν
1130 2348 1497 2433 Θεοδόταν,
1557 2342 1746 2429 ὅστις
1801 2377 1914 2440 ην,
1981 2349 2358 2438 ἕγίνωσκει
2418 2343 2458 2435 6

286 2448 452 2522 καθ’
506 2447 666 2521 ὅσον
708 2448 906 2542 ἤκουε
933 2452 1364 2535 Πτολεμαίου
1393 2451 1548 2519 τινὰ
1586 2445 1885 2535 ύπαρχον
1916 2449 2090 2522 εἶναι
2120 2451 2226 2540 [τὰ
2268 2451 2458 2539 κοτο]

288 2556 412 2643 τὴν
447 2562 768 2644 Φοινίκην
813 2554 1403 2640 ἐπιτετραμμένον.
1478 2545 1623 2619 ἀλλ’
1671 2547 1855 2638 ὅμως
1895 2557 2029 2621 τῶν
2065 2551 2358 2635 amr-*5231
2370 2583 2458 2619 mv

175 2677 399 2737 128τις
446 2652 834 2748 Ἀντίφιλος
887 2651 1181 2740 τούνομα
1230 2650 1366 2721 ὑπὸ
1427 2654 1697 2742 φθόνου
1762 2659 1882 2744 τῆς
1947 2656 2137 2742 παρὰ
2190 2659 2458 2776 ,Ramisi

285 2765 488 2847 τιμῆς
529 2763 640 2827 καὶ
684 2762 807 2845 τῆς
849 2755 1018 2825 κατὰ
1047 2757 1169 2846 τὴν
1198 2733 1426 2844 τέχνην
1459 2755 1863 2843 ζηλοτυπίας
1890 2769 2206 2824 κατεῖπεν
2254 2784 2330 2824 m
2342 2764 2454 2824 τοῦ

285 2858 466 2946 πρὸς
509 2857 627 2927 τὸν
661 2861 1092 2945 Πτολεμαῖον
1122 2857 1216 2938 ὥς
1246 2859 1348 2948 εἰἠ
1379 2856 1865 2946 κεκοινωνηκὼς
1907 2861 2044 2927 τῶν
2087 2852 2298 2946 ὅρκων
2346 2864 2454 2924 mi

289 2958 383 3039 ὥς
405 2961 744 3047 θεάσαιτό
789 2987 896 3040 τις
928 2959 1130 3029 αὐτὸν
1175 2960 1244 3029 ἐν
1279 2966 1581 3083 Φοινίκη
1601 2960 2122 3046 συνεστιώμενον
2158 2964 2458 3048 Θεοδότᾳ

284 3067 408 3132 καὶ
423 3058 590 3150 παρ’
622 3057 779 3131 ὅλον
800 3063 875 3131 τὸ
905 3064 1180 3133 δεῖπνον
1203 3060 1378 3150 πρὸς
1397 3060 1476 3129 τὸ
1504 3086 1619 3141 ους
1644 3056 1825 3150 αὐτῷ
1853 3062 2454 3149 κοινολογούμει-,ον

284 3169 402 3234 καὶ
445 3169 637 3244 τέλος
683 3159 993 3254 ἀπέφηνε
1035 3163 1155 3255 τὴν
1207 3163 1424 3252 Τύρου
1479 3157 1862 3235 ἀπόστασιν
1912 3167 2028 3233 καὶ
2068 3167 2302 3255 Πηλοι-
2310 3176 2458 3232 οἰοο

283 3268 670 3357 κατάληψιν
716 3268 789 3336 ἐκ
829 3270 952 3354 τῆς
971 3260 1306 3334 Ἀπελλοῦ
1349 3268 1726 3353 συμβουλῆς
1760 3272 2117 3354 γεγονέναι.
2193 3272 2250 3334 3.
2298 3296 2330 3332 ο
2382 3272 2450 3332 δὲ
2490 3280 2526 3332 3

288 3373 721 3456 Πτολεμαῖος
764 3365 856 3448 ιῦς
899 3358 982 3436 ὃν
1026 3371 1139 3436 καὶ
1183 3363 1397 3435 τᾶλλα
1442 3368 1519 3436 οὗ
1564 3362 1774 3451 κάρτα
1819 3367 2149 3456 φρενήρης
2191 3392 2294 3444 τις
2342 3368 2450 3448 εἶὲν,

177 3485 270 3536 129
289 3467 438 3540 ἀλλ’
494 3472 562 3540 ἐν
606 3474 919 3560 κολακείᾳ
949 3471 1314 3559 δεσποτικῇ
1351 3474 1838 3558 τεθραμμένος,
1886 3461 2097 3590 06'vw9
2128 3468 2454 3556 ἐξεκαύθη

281 3578 398 3643 καὶ
459 3572 922 3661 συνεταράχθη
982 3571 1157 3659 πρὸς
1208 3575 1329 3658 τῆς
1376 3571 1771 3660 παραδόξου
1829 3570 2076 3658 ταύτης
2119 3570 2398 3656 δια,ιξ))ο,].ιι,τί
2406 3596 2454 3652 ς,

289 3668 464 3746 ὥστε
506 3676 714 3766 μηδὲν
756 3677 890 3741 τῶν
922 3673 1195 3742 εἰκότων
1235 3673 1688 3760 λογισάμενος,
1733 3666 1887 3759 μηδ’
1926 3664 2035 3739 ὅτι
2082 3666 2454 3756 άντίτεχφος

287 3764 370 3866 ῆν
416 3774 452 3845 6
505 3776 920 3862 διαβάλλων
941 3770 1100 3864 μηδ’
1164 3769 1271 3843 ὅτι
1314 3771 1705 3859 μικρότερος
1758 3764 1802 3860 6
1834 3772 2012 3841 κατὰ
2060 3772 2458 3864 τηλικαύτῃ-ν

284 3875 736 3964 προδοσίανε
702 3905 750 3948 ο
773 3878 1143 3967 ζωγράφος,
1187 3880 1298 3945 καὶ
1329 3879 1540 3943 ταῦτα
1577 3863 1648 3945 εὖ
1679 3872 2117 3955 πεπονθώςε
2082 3871 2201 3943 υπ’
2254 3904 2454 3944 οοτοο

283 3985 396 4050 καὶ
444 3975 616 4067 παρ’
670 3977 971 4050 ὁντινοῦν
1014 3983 1149 4047 τῶν
1193 3976 1567 4065 ὁμοτέχνων
1602 3981 2053 4067 τετιμημένος,
2101 3971 2246 4051 ἄλλ’
2306 3979 2454 4044 οὐδὲ·
