2867 4525
463 238 543 294 74
1353 239 1725 293 ΔΟΥΚΙΑΝΟΥ

2618 460 2769 505 Boiu.

878 560 1415 644 ΡΗΤΟΡῼΝ
1465 561 2179 645 ΔΙΔΑΣΚΑΑΟΣ.
2610 512 2701 627 Πῗ
2728 526 2773 568 ¹''

391 746 426 798 1
636 741 691 800 1.
734 729 1040 820 Ἐρωτᾷς,
1096 716 1149 797 ῶ
1193 732 1567 818 μειράκιον,
1615 725 1808 812 ὅπως
1851 723 1931 799 ὃν
1976 732 2195 822 ῥήτωρ
2240 738 2461 819 γένοιο
2507 736 2624 800 καὶ

456 834 532 902 τὸ
582 833 988 919 σεμνότατον
1032 838 1230 902 τοῦτο
1261 837 1373 902 καὶ
1406 834 1741 919 πάντιμον
1784 831 1997 919 ὄνομα
2044 834 2375 924 σοφιστὴς
2422 828 2682 914 αὖτὸς2

459 933 631 1003 εἶναι
678 935 938 1016 δόξαις·
1000 930 1260 1023 ἆβίωτα
1302 936 1429 1025 γὰρ
1476 933 1651 1004 εἶναί
1694 961 1806 1006 σοι
1851 935 2014 1025 φής,
2062 936 2122 1003 εἰ
2164 936 2254 1023 μὴ
2301 936 2626 1025 τοιαύτην

455 1034 606 1101 τινὰ
652 1035 772 1122 τὴ”ν
831 1038 1110 1124 δύναμιν
1153 1038 1555 1125 περιβάλοιο
1601 1037 1670 1106 ἐν
1714 1037 1859 1117 τοῖς
1910 1037 2163 1124 λόγοις,
2222 1035 2317 1117 ῶς
2361 1034 2625 1124 ἄμαχον

458 1132 631 1206 εἶναι
685 1141 796 1207 καὶ
856 1136 1323 1209 ἀνυπόστατον
1378 1144 1491 1208 καὶ
1536 1140 2021 1227 θαυμάζεσθαι
2077 1140 2252 1226 πρὸς
2296 1136 2625 1209 ἁπάντων

457 1241 567 1306 καὶ
617 1233 1163 1326 ἀποβλέπεσθαι,
1210 1243 1801 1330 περισπούδαστον
1833 1239 2136 1327 ἄκουσμα
2179 1258 2324 1322 τοῖς
2343 1243 2628 1331 (Έλλησι

459 1340 812 1410 δοκοῦντα·
868 1347 978 1412 καὶ
1038 1345 1115 1435 δὴ
1178 1345 1300 1425 τὰς
1357 1345 1472 1413 ἐπὶ
1528 1350 1726 1414 τοῦτο
1787 1335 2078 1433 άγούσας
2128 1341 2327 1423 ὁδοὺς
2374 1344 2629 1424 αἵτινές

461 1449 631 1509 ποτέ
663 1445 833 1513 εἰσιν
865 1446 1129 1528 ἐθέλεις
1159 1447 1502 1534 ἐκμαθεῖν.
1577 1442 1728 1515 ἀλλ’
1782 1443 2002 1526 οὐδεὶς
2040 1446 2323 1536 φθόνος,
2368 1433 2423 1512 ῶ
2469 1461 2626 1527 παῖ,

455 1548 568 1611 καὶ
633 1546 931 1630 μάλιστα
987 1545 1200 1618 ὁπότε
1252 1556 1397 1629 νέος
1453 1576 1559 1630 τις
1626 1545 1825 1628 αὐτὸς
1893 1540 1986 1616 ῶν
2044 1542 2438 1636 ὀρεγόμενος
2490 1553 2627 1616 τῶν

458 1642 752 1733 ἀρίστων
798 1645 915 1718 οὐκ
959 1651 1153 1730 εἰδὼς
1208 1648 1475 1721 ὁπόθεν
1524 1643 1604 1719 ὃν
1646 1656 1859 1719 ταῦτα
1916 1651 2383 1737 ἐκπορίσαιτο,
2443 1650 2628 1737 ἱερόν

454 1775 522 1815 τι
561 1754 784 1839 χρῆμα
814 1753 933 1842 τὴν
978 1755 1356 1843 συμβουλὴν
1389 1740 1596 1823 οὖσαν
1633 1754 1953 1840 καθάπερ
1981 1758 2094 1822 καὶ
2126 1752 2205 1821 σὺ
2253 1757 2366 1820 νῦν
2400 1753 2626 1842 αἰτοίη

455 1854 885 1933 προσελθών.
959 1849 1133 1923 ὥστε
1173 1853 1369 1925 ἄκουε
1396 1857 1475 1925 τό
1506 1883 1581 1945 γε
1612 1852 1719 1924 ἐπ’
1773 1856 1921 1941 ἐμοὶ
1952 1859 2062 1922 καὶ
2095 1854 2275 1922 πάνυ
2319 1858 2625 1940 θαρρῶν,

457 1947 550 2030 ῶς
590 1954 872 2037 τάχιστα
902 1957 1123 2038 δεινὸς
1153 1952 1317 2047 ἀνὴρ
1351 1959 1467 2047 ἔσῃ
1498 1963 1750 2045 γνῶναί
1776 1984 1850 2025 τε
1891 1957 1975 2024 τὰ
2010 1959 2244 2024 δέοντα
2272 1960 2387 2024 καὶ
2420 1955 2627 2044 ἑρμη-

457 2058 687 2122 νεῦσαι
735 2055 933 2140 αὐτά,
988 2049 1069 2148 ἢν
1111 2061 1187 2126 τὸ
1232 2060 1401 2145 μετὰ
1449 2065 1649 2128 τοῦτο
1695 2060 2025 2150 ἐθελήσῃς
2074 2052 2273 2138 αὐτὸς
2317 2056 2629 2144 ἐμμένειν

401 2212 405 2218 .
459 2155 560 2234 οἶς
607 2146 687 2225 ἒν
735 2152 1020 2249 ἀκούσῃς
1063 2156 1232 2247 παρ>
1294 2158 1482 2251 ἡμῶν
1526 2167 1638 2230 καὶ
1685 2157 2080 2254 φιλοπόνως
2126 2155 2294 2227 αὐτὰ
2339 2163 2628 2244 μελετᾶν

456 2264 566 2328 καὶ
612 2263 991 2348 προθύμως
1049 2257 1272 2333 άνύειν
1330 2266 1451 2353 τὴν
1506 2261 1667 2334 ὁδὸν
1722 2258 1866 2333 ἔστ’
1934 2254 2013 2331 ἓν
2072 2257 2277 2354 άφίκῃ
2325 2261 2502 2350 πρὸς
2545 2261 2626 2330 τὸ

387 2376 425 2432 2
459 2367 687 2448 τέρμα,
734 2370 794 2429 2.
828 2363 926 2452 [τὸ
972 2365 1094 2450 μὲν
1137 2352 1253 2434 οὖν
1290 2366 1599 2455 θήραμα]
1635 2362 1711 2436 οὗ
1755 2366 1991 2453 μικρὸν
2036 2361 2189 2434 οὐδὲ
2233 2361 2465 2454 ὀλίγης
2509 2369 2631 2455 τῆς

457 2467 758 2556 σπουδῆς
804 2468 1145 2552 δεόμενον,
1194 2464 1345 2535 ἀλλ’
1398 2465 1509 2559 ἐφ’
1562 2463 1698 2558 ὅτῳ
1742 2475 1853 2538 καὶ
1903 2475 2199 2557 πονῆσαι
2239 2467 2466 2536 πολλὰ
2512 2472 2628 2537 καὶ
2849 2468 2850 2477 ’

458 2569 879 2656 α’γρυπνῆσαι.
923 2573 1035 2638 καὶ
1079 2575 1220 2637 πᾶν
1264 2568 1493 2641 ὁτιοῦν
1522 2568 1885 2658 ὑπομεῖναι
1916 2569 2135 2652 ἄξιον·
2184 2573 2427 2640 σκόπει
2467 2575 2627 2659 γοῦν

456 2666 707 2739 ὁπόσοι
749 2678 917 2751 τέως
945 2674 1152 2763 μηδὲν
1183 2670 1371 2754 ὄντες
1416 2675 1674 2754 ἔνδοξοι
1706 2679 1815 2744 καὶ
1853 2676 2173 2743 πλούσιοι
2215 2677 2325 2741 καὶ
2374 2673 2452 2762 νὴ
2484 2679 2629 2740 Δία
2657 2695 2687 2745 3
2721 2740 2728 2751 ,

390 2788 426 2841 3
463 2767 917 2859 εὐγενέστατοι
949 2775 1182 2855 ἔδοξαν
1216 2771 1354 2845 άπὸ
1388 2782 1522 2846 τῶν
1560 2778 1792 2864 λόγων.
1866 2783 1924 2845 3.
1958 2770 2140 2862 ὅμως
2170 2778 2242 2844 δὲ
2270 2775 2362 2865 μὴ
2396 2776 2631 2844 δέδιθι

455 2876 623 2962 μηδὲ
669 2877 841 2963 πρὸς
897 2879 973 2945 τὸ
1034 2885 1326 2966 μέγεθος
1368 2884 1507 2948 τῶν
1552 2879 2004 2963 ἐλπιζομένων
2058 2872 2631 2966 ἀποδυσπετήσῃς

456 2985 735 3064 μυρίους
777 2980 968 3060 τινὰς
1024 2981 1180 3060 τοὺς
1225 2984 1479 3059 πόνους
1522 2982 1985 3067 προπονήσειν
2032 2981 2327 3069 οἰηθείς·
2378 2974 2456 3047 οὗ
2498 2978 2627 3067 γάρ

459 3103 533 3146 σε
577 3081 890 3167 τραχεῖάν
946 3109 1099 3150 τινα
1134 3077 1312 3150 ὀὐδὲ
1368 3078 1590 3168 ὄρειον
1640 3086 1747 3151 καὶ
1809 3085 2089 3167 ἱδρῶτος
2143 3081 2392 3171 μεστὴν
2436 3078 2630 3168 ἡμεῖς

456 3206 532 3268 γε
578 3177 839 3265 ἄξομεν,
887 3178 980 3261 ῶς
1024 3183 1093 3250 ἐκ
1135 3189 1343 3275 μέσης
1389 3179 1597 3276 αὐτῆς
1641 3180 2065 3272 ἀναστρέψαι
2106 3179 2423 3270 καμόντα,
2474 3181 2629 3250 ἐπεὶ

460 3276 653 3350 οὐδὲν
700 3273 780 3350 ἂν
826 3284 1220 3372 διεφέρομεν
1249 3291 1382 3354 τῶν
1414 3282 1654 3365 ἄλλων,
1702 3281 1856 3355 ὅσοι
1896 3286 2017 3376 τὴν
2063 3287 2321 3376 συνήθη
2369 3284 2630 3375 ἐκείνην

457 3382 774 3473 ἡγοῦνται
829 3385 1093 3473 μακρὰν
1151 3392 1264 3455 καὶ
1323 3383 1568 3477 ἀνάντη
1613 3393 1724 3456 καὶ
1779 3389 2166 3479 καματηρὰν
2210 3392 2322 3456 καὶ
2368 3383 2464 3467 ῶς
2508 3388 2630 3455 ἐπὶ

458 3487 534 3556 τὸ
569 3487 745 3556 πολὺ
780 3484 1316 3579 ἀπεγνωσμένην.
1393 3489 1563 3558 α’λλὰ
1608 3491 1685 3560 τό
1717 3517 1792 3579 γε
1830 3486 1999 3578 παρ>
2052 3488 2239 3582 ἡμῶν
2285 3489 2629 3574 ἐξαίρετόν

461 3614 571 3658 σοι
614 3595 732 3680 τῆς
789 3594 1166 3679 συμβουλῆς
1210 3587 1395 3661 τοῦτ’
1449 3593 1661 3677 ἐστιν,
1721 3586 1829 3662 ὅτι
1887 3590 2165 3686 ἡδίστην
2208 3619 2283 3660 τε
2328 3585 2470 3679 ἅμα
2514 3594 2628 3659 καὶ

461 3692 968 3784 ἐπιτομωτάτην
1013 3697 1126 3761 καὶ
1172 3696 1558 3783 ἱππήλατον
1602 3700 1713 3765 καὶ
1771 3696 2057 3786 κατάντη
2114 3694 2233 3764 σὺν
2277 3697 2499 3783 πολλῇ
2540 3696 2628 3783 τῇ

459 3797 766 3884 θυμηδίᾳ
807 3800 918 3863 καὶ
948 3800 1172 3886 τρυφῇ
1203 3796 1318 3865 διὰ
1350 3799 1690 3883 λειμώνων
1721 3793 2028 3866 εὐανθῶν
2070 3800 2184 3866 καὶ
2213 3801 2406 3876 σκιᾶς
2438 3792 2626 3882 ἄκρι-

458 3901 618 3982 βοῦς
665 3900 869 3986 σχολῇ
912 3902 1023 3967 καὶ
1066 3899 1279 3988 βάδην
1329 3893 1534 3968 ἆνιῶν
1589 3895 1904 3989 ἀνιδρωτὶ
1953 3900 2281 3990 ἐπιστήσῃ
2327 3909 2408 3987 τῇ
2455 3893 2626 3986 ἄκρᾳ

462 3999 573 4065 καὶ
607 3999 905 4085 αἱρήσεις
933 4001 1089 4081 τοὺς
1117 4002 1368 4089 γάμους
1397 4005 1509 4069 καὶ
1540 4001 1616 4088 νὴ
1646 3997 1763 4070 Δί’
1809 3997 2102 4093 εὐωχήσῃ
2132 4008 2623 4085 κατακείμενος,
