<?xml version="1.0" encoding="UTF-8"?>
<!DOCTYPE html PUBLIC "-//W3C//DTD XHTML 1.0 Transitional//EN"
    "http://www.w3.org/TR/xhtml1/DTD/xhtml1-transitional.dtd">
<html xmlns="http://www.w3.org/1999/xhtml" xml:lang="en" lang="en">
 <head>
  <title>
</title>
<meta http-equiv="Content-Type" content="text/html;charset=utf-8" />
  <meta name='ocr-system' content='tesseract 3.04.00' />
  <meta name='ocr-capabilities' content='ocr_page ocr_carea ocr_par ocr_line ocrx_word'/>
</head>
<body>
  <div class='ocr_page' id='page_1' title='image "./lucianus02sommgoog/lucianus02sommgoog_0138.png"; bbox 0 0 2867 4525; ppageno 0'>
   <div class='ocr_carea' id='block_1_1' title="bbox 445 270 1697 329">
    <p class='ocr_par' dir='ltr' id='par_1_1' title="bbox 445 270 1697 329">
     <span class='ocr_line' id='line_1_1' title="bbox 445 270 1697 329; baseline -0.005 0"><span class='ocrx_word' id='word_1_1' title='bbox 445 274 476 328; x_wconf 88' lang='lat'>1</span> <span class='ocrx_word' id='word_1_2' title='bbox 487 272 569 329; x_wconf 82' lang='lat'><strong><em>20</em></strong></span> <span class='ocrx_word' id='word_1_3' title='bbox 1323 270 1697 325; x_wconf 82' lang='grc' dir='ltr'><strong>ΛΟΥΚΙΑΝΟΥ</strong></span> 
     </span>
    </p>
   </div>
   <div class='ocr_carea' id='block_1_2' title="bbox 322 433 2694 4102">
    <p class='ocr_par' dir='ltr' id='par_1_2' title="bbox 363 433 2694 2671">
     <span class='ocr_line' id='line_1_2' title="bbox 440 433 2694 528; baseline -0.002 -19"><span class='ocrx_word' id='word_1_4' title='bbox 440 441 648 523; x_wconf 85' lang='grc' dir='ltr'><strong><em>ἐστιν,</em></strong></span> <span class='ocrx_word' id='word_1_5' title='bbox 709 434 884 508; x_wconf 73' lang='grc' dir='ltr'><strong><em>ὥσθ’</em></strong></span> <span class='ocrx_word' id='word_1_6' title='bbox 949 437 1208 509; x_wconf 82' lang='grc' dir='ltr'><strong><em>ὃπόταν</em></strong></span> <span class='ocrx_word' id='word_1_7' title='bbox 1251 467 1319 507; x_wconf 91' lang='grc' dir='ltr'><strong><em>τι</em></strong></span> <span class='ocrx_word' id='word_1_8' title='bbox 1365 439 1601 528; x_wconf 81' lang='grc' dir='ltr'><strong><em>δάκνῃ,</em></strong></span> <span class='ocrx_word' id='word_1_9' title='bbox 1653 437 2005 525; x_wconf 82' lang='grc' dir='ltr'><strong><em>τιτρώσκει</em></strong></span> <span class='ocrx_word' id='word_1_10' title='bbox 2062 433 2179 505; x_wconf 83' lang='grc' dir='ltr'><strong><em>οῦκ</em></strong></span> <span class='ocrx_word' id='word_1_11' title='bbox 2222 433 2694 525; x_wconf 84' lang='grc' dir='ltr'><strong><em>ἀνθρώπου96</em></strong></span> 
     </span>
     <span class='ocr_line' id='line_1_3' title="bbox 440 538 2614 630; baseline -0.001 -21"><span class='ocrx_word' id='word_1_12' title='bbox 440 544 649 630; x_wconf 91' lang='grc' dir='ltr'><strong><em>δέρμα</em></strong></span> <span class='ocrx_word' id='word_1_13' title='bbox 698 541 935 627; x_wconf 89' lang='grc' dir='ltr'><strong><em>μόνον,</em></strong></span> <span class='ocrx_word' id='word_1_14' title='bbox 996 538 1169 610; x_wconf 82' lang='grc' dir='ltr'><strong><em>ἀλλὰ</em></strong></span> <span class='ocrx_word' id='word_1_15' title='bbox 1226 545 1334 609; x_wconf 79' lang='grc' dir='ltr'><strong><em>καὶ</em></strong></span> <span class='ocrx_word' id='word_1_16' title='bbox 1392 540 1557 626; x_wconf 84' lang='grc' dir='ltr'><strong><em>βοὸς</em></strong></span> <span class='ocrx_word' id='word_1_17' title='bbox 1613 544 1725 609; x_wconf 90' lang='grc' dir='ltr'><strong><em>καὶ</em></strong></span> <span class='ocrx_word' id='word_1_18' title='bbox 1780 541 2037 622; x_wconf 78' lang='grc' dir='ltr'><strong><em>ἵππου,</em></strong></span> <span class='ocrx_word' id='word_1_19' title='bbox 2099 544 2211 608; x_wconf 87' lang='grc' dir='ltr'><strong><em>καὶ</em></strong></span> <span class='ocrx_word' id='word_1_20' title='bbox 2270 541 2614 630; x_wconf 75' lang='grc' dir='ltr'><strong><em>ἐλέφαντα</em></strong></span> 
     </span>
     <span class='ocr_line' id='line_1_4' title="bbox 437 639 2618 732; baseline 0 -22"><span class='ocrx_word' id='word_1_21' title='bbox 437 647 638 712; x_wconf 90' lang='grc' dir='ltr'><strong><em>λυπεῖ</em></strong></span> <span class='ocrx_word' id='word_1_22' title='bbox 681 643 749 722; x_wconf 83' lang='grc' dir='ltr'><strong><em>ἐς</em></strong></span> <span class='ocrx_word' id='word_1_23' title='bbox 790 644 913 722; x_wconf 78' lang='grc' dir='ltr'><strong><em>τάς</em></strong></span> <span class='ocrx_word' id='word_1_24' title='bbox 970 644 1243 729; x_wconf 79' lang='grc' dir='ltr'><strong><em>ῥυτίδας</em></strong></span> <span class='ocrx_word' id='word_1_25' title='bbox 1301 640 1507 711; x_wconf 80' lang='grc' dir='ltr'><strong><em>αὐτοῦ</em></strong></span> <span class='ocrx_word' id='word_1_26' title='bbox 1550 644 2057 732; x_wconf 89' lang='grc' dir='ltr'><strong><em>παρεσδυομένη</em></strong></span> <span class='ocrx_word' id='word_1_27' title='bbox 2112 646 2225 711; x_wconf 89' lang='grc' dir='ltr'><strong><em>καὶ</em></strong></span> <span class='ocrx_word' id='word_1_28' title='bbox 2266 648 2354 732; x_wconf 84' lang='grc' dir='ltr'><strong><em>τῇ</em></strong></span> <span class='ocrx_word' id='word_1_29' title='bbox 2399 639 2618 731; x_wconf 77' lang='grc' dir='ltr'><strong><em>αὗτῆς</em></strong></span> 
     </span>
     <span class='ocr_line' id='line_1_5' title="bbox 436 738 2621 834; baseline -0.002 -20"><span class='ocrx_word' id='word_1_30' title='bbox 436 752 829 834; x_wconf 78' lang='grc' dir='ltr'><strong><em>προνομαίᾳ</em></strong></span> <span class='ocrx_word' id='word_1_31' title='bbox 873 745 1040 812; x_wconf 83' lang='grc' dir='ltr'><strong><em>κατὰ</em></strong></span> <span class='ocrx_word' id='word_1_32' title='bbox 1089 747 1283 832; x_wconf 91' lang='grc' dir='ltr'><strong><em>λόγον</em></strong></span> <span class='ocrx_word' id='word_1_33' title='bbox 1327 750 1448 813; x_wconf 90' lang='grc' dir='ltr'><strong><em>τοῦ</em></strong></span> <span class='ocrx_word' id='word_1_34' title='bbox 1489 750 1821 833; x_wconf 86' lang='grc' dir='ltr'><strong><em>μεγέθους</em></strong></span> <span class='ocrx_word' id='word_1_35' title='bbox 1866 738 2277 829; x_wconf 89' lang='grc' dir='ltr'><strong><em>ἀμύσσουσα.</em></strong></span> <span class='ocrx_word' id='word_1_36' title='bbox 2356 745 2621 829; x_wconf 84' lang='grc' dir='ltr'><em>μίξεως</em></span> 
     </span>
     <span class='ocr_line' id='line_1_6' title="bbox 439 840 2615 936; baseline -0.001 -21"><span class='ocrx_word' id='word_1_37' title='bbox 439 850 511 915; x_wconf 83' lang='grc' dir='ltr'><strong><em>δὲ</em></strong></span> <span class='ocrx_word' id='word_1_38' title='bbox 555 851 666 915; x_wconf 87' lang='grc' dir='ltr'><strong><em>καὶ</em></strong></span> <span class='ocrx_word' id='word_1_39' title='bbox 713 842 1133 936; x_wconf 74' lang='grc' dir='ltr'><strong><em>ἀφροδισίων</em></strong></span> <span class='ocrx_word' id='word_1_40' title='bbox 1179 851 1291 915; x_wconf 84' lang='grc' dir='ltr'><strong><em>καὶ</em></strong></span> <span class='ocrx_word' id='word_1_41' title='bbox 1336 847 1568 934; x_wconf 88' lang='grc' dir='ltr'><strong><em>γάμων</em></strong></span> <span class='ocrx_word' id='word_1_42' title='bbox 1597 845 1815 936; x_wconf 89' lang='grc' dir='ltr'><strong><em>πολλὴ</em></strong></span> <span class='ocrx_word' id='word_1_43' title='bbox 1865 840 2100 925; x_wconf 86' lang='grc' dir='ltr'><strong><em>αυταῖς</em></strong></span> <span class='ocrx_word' id='word_1_44' title='bbox 2142 843 2183 936; x_wconf 83' lang='grc' dir='ltr'>ἡ</span> <span class='ocrx_word' id='word_1_45' title='bbox 2225 847 2615 930; x_wconf 89' lang='grc' dir='ltr'><strong><em>ἐλευθερία,</em></strong></span> 
     </span>
     <span class='ocr_line' id='line_1_7' title="bbox 439 942 2615 1067; baseline 0 -52"><span class='ocrx_word' id='word_1_46' title='bbox 439 955 543 1067; x_wconf 43' lang='lat' dir='ltr'>:isti</span> <span class='ocrx_word' id='word_1_47' title='bbox 607 947 639 1015; x_wconf 69' lang='grc' dir='ltr'><em>ἆ</em></span> <span class='ocrx_word' id='word_1_48' title='bbox 715 976 920 1038; x_wconf 90' lang='grc' dir='ltr'><strong><em>αρρην</em></strong></span> <span class='ocrx_word' id='word_1_49' title='bbox 988 944 1064 1017; x_wconf 82' lang='grc' dir='ltr'><strong><em>οῦ</em></strong></span> <span class='ocrx_word' id='word_1_50' title='bbox 1131 949 1300 1017; x_wconf 82' lang='grc' dir='ltr'><strong><em>κατὰ</em></strong></span> <span class='ocrx_word' id='word_1_51' title='bbox 1366 949 1523 1029; x_wconf 84' lang='grc' dir='ltr'><strong><em>τοῦς</em></strong></span> <span class='ocrx_word' id='word_1_52' title='bbox 1590 944 2028 1036; x_wconf 87' lang='grc' dir='ltr'><strong><em>ἀλεκτρυόνας</em></strong></span> <span class='ocrx_word' id='word_1_53' title='bbox 2091 948 2336 1034; x_wconf 82' lang='grc' dir='ltr'><strong><em>ἐπιβὰς</em></strong></span> <span class='ocrx_word' id='word_1_54' title='bbox 2397 942 2615 1027; x_wconf 77' lang='grc' dir='ltr'><strong><em>εὖθῦς</em></strong></span> 
     </span>
     <span class='ocr_line' id='line_1_8' title="bbox 439 1045 2608 1141; baseline 0.001 -26"><span class='ocrx_word' id='word_1_55' title='bbox 439 1047 503 1115; x_wconf 69' lang='grc' dir='ltr'><strong><em>ἆ-</em></strong></span> <span class='ocrx_word' id='word_1_56' title='bbox 499 1079 595 1115; x_wconf 62' lang='lat' dir='ltr'><strong>ff</strong></span> <span class='ocrx_word' id='word_1_57' title='bbox 591 1051 896 1139; x_wconf 66' lang='grc' dir='ltr'><strong><em>εήδησεν,</em></strong></span> <span class='ocrx_word' id='word_1_58' title='bbox 947 1046 1094 1119; x_wconf 69' lang='grc' dir='ltr'><strong><em>ἀλλ’</em></strong></span> <span class='ocrx_word' id='word_1_59' title='bbox 1147 1052 1494 1135; x_wconf 74' lang='grc' dir='ltr'><strong><em>ἐποχεῖται</em></strong></span> <span class='ocrx_word' id='word_1_60' title='bbox 1525 1056 1609 1139; x_wconf 86' lang='grc' dir='ltr'><strong><em>τῇ</em></strong></span> <span class='ocrx_word' id='word_1_61' title='bbox 1651 1050 1961 1140; x_wconf 78' lang='grc' dir='ltr'><strong><em>θηλείᾳ’</em></strong></span> <span class='ocrx_word' id='word_1_62' title='bbox 1933 1053 2049 1118; x_wconf 87' lang='grc' dir='ltr'><strong><em>επὶ</em></strong></span> <span class='ocrx_word' id='word_1_63' title='bbox 2092 1050 2289 1139; x_wconf 81' lang='grc' dir='ltr'><strong><em>πολύ,</em></strong></span> <span class='ocrx_word' id='word_1_64' title='bbox 2334 1045 2608 1141; x_wconf 88' lang='grc' dir='ltr'><strong><em>κάκείνη</em></strong></span> 
     </span>
     <span class='ocr_line' id='line_1_9' title="bbox 439 1152 2614 1242; baseline 0 -23"><span class='ocrx_word' id='word_1_65' title='bbox 439 1159 631 1239; x_wconf 57' lang='grc' dir='ltr'><strong><em>φέρει</em></strong></span> <span class='ocrx_word' id='word_1_66' title='bbox 674 1152 793 1220; x_wconf 85' lang='grc' dir='ltr'><strong><em>τὸν</em></strong></span> <span class='ocrx_word' id='word_1_67' title='bbox 838 1161 1148 1242; x_wconf 87' lang='grc' dir='ltr'><strong><em>νυμφίον,</em></strong></span> <span class='ocrx_word' id='word_1_68' title='bbox 1193 1157 1305 1222; x_wconf 90' lang='grc' dir='ltr'><strong><em>καὶ</em></strong></span> <span class='ocrx_word' id='word_1_69' title='bbox 1353 1157 1811 1238; x_wconf 87' lang='grc' dir='ltr'><strong><em>συμπέτονται</em></strong></span> <span class='ocrx_word' id='word_1_70' title='bbox 1839 1152 1959 1239; x_wconf 88' lang='grc' dir='ltr'><strong><em>τὴν</em></strong></span> <span class='ocrx_word' id='word_1_71' title='bbox 2005 1152 2303 1240; x_wconf 76' lang='grc' dir='ltr'><strong><em>ἐναέριον</em></strong></span> <span class='ocrx_word' id='word_1_72' title='bbox 2351 1152 2614 1241; x_wconf 85' lang='grc' dir='ltr'><strong><em>ἐκείνην</em></strong></span> 
     </span>
     <span class='ocr_line' id='line_1_10' title="bbox 435 1248 2612 1345; baseline 0.001 -27"><span class='ocrx_word' id='word_1_73' title='bbox 435 1255 615 1339; x_wconf 57' lang='grc' dir='ltr'><strong><em>μῖξιν</em></strong></span> <span class='ocrx_word' id='word_1_74' title='bbox 663 1258 745 1345; x_wconf 80' lang='grc' dir='ltr'><strong><em>τῇ</em></strong></span> <span class='ocrx_word' id='word_1_75' title='bbox 787 1255 1033 1341; x_wconf 87' lang='grc' dir='ltr'><strong><em>πτήσει</em></strong></span> <span class='ocrx_word' id='word_1_76' title='bbox 1076 1254 1165 1344; x_wconf 88' lang='grc' dir='ltr'><strong><em>μὴ</em></strong></span> <span class='ocrx_word' id='word_1_77' title='bbox 1200 1255 1753 1343; x_wconf 91' lang='grc' dir='ltr'><strong><em>διαφθείρουσαι.</em></strong></span> <span class='ocrx_word' id='word_1_78' title='bbox 1832 1248 2317 1344; x_wconf 73' lang='grc' dir='ltr'><strong><em>ἀποτμηθεῖσα</em></strong></span> <span class='ocrx_word' id='word_1_79' title='bbox 2364 1255 2437 1322; x_wconf 82' lang='grc' dir='ltr'><strong><em>δὲ</em></strong></span> <span class='ocrx_word' id='word_1_80' title='bbox 2481 1254 2612 1341; x_wconf 79' lang='grc' dir='ltr'><strong><em>τήν</em></strong></span> 
     </span>
     <span class='ocr_line' id='line_1_11' title="bbox 439 1353 2610 1446; baseline 0 -23"><span class='ocrx_word' id='word_1_81' title='bbox 439 1355 730 1446; x_wconf 60' lang='grc' dir='ltr'><strong><em>κετμελὴν</em></strong></span> <span class='ocrx_word' id='word_1_82' title='bbox 773 1371 938 1440; x_wconf 86' lang='grc' dir='ltr'><strong><em>μυῖα</em></strong></span> <span class='ocrx_word' id='word_1_83' title='bbox 986 1356 1102 1425; x_wconf 84' lang='grc' dir='ltr'><strong><em>ἐπὶ</em></strong></span> <span class='ocrx_word' id='word_1_84' title='bbox 1148 1356 1323 1425; x_wconf 84' lang='grc' dir='ltr'><strong><em>πολῦ</em></strong></span> <span class='ocrx_word' id='word_1_85' title='bbox 1373 1356 1448 1445; x_wconf 84' lang='grc' dir='ltr'><strong><em>ζῇ</em></strong></span> <span class='ocrx_word' id='word_1_86' title='bbox 1492 1361 1586 1445; x_wconf 75' lang='grc' dir='ltr'><strong><em>τῷ</em></strong></span> <span class='ocrx_word' id='word_1_87' title='bbox 1626 1353 1807 1444; x_wconf 74' lang='grc' dir='ltr'><strong><em>ἄλλῳ</em></strong></span> <span class='ocrx_word' id='word_1_88' title='bbox 1854 1356 2118 1441; x_wconf 85' lang='grc' dir='ltr'><strong><em>σώματι</em></strong></span> <span class='ocrx_word' id='word_1_89' title='bbox 2145 1360 2255 1424; x_wconf 80' lang='grc' dir='ltr'><strong><em>καὶ</em></strong></span> <span class='ocrx_word' id='word_1_90' title='bbox 2304 1356 2610 1441; x_wconf 74' lang='grc' dir='ltr'><strong><em>ἔμπνους</em></strong></span> 
     </span>
     <span class='ocr_line' id='line_1_12' title="bbox 375 1455 2605 1547; baseline 0.001 -24"><span class='ocrx_word' id='word_1_91' title='bbox 375 1487 391 1515; x_wconf 68' lang='grc' dir='ltr'><strong><em>ε</em></strong></span> <span class='ocrx_word' id='word_1_92' title='bbox 439 1459 635 1527; x_wconf 54' lang='lat' dir='ltr'><strong><em>{fifh-³.</em></strong></span> <span class='ocrx_word' id='word_1_93' title='bbox 709 1466 763 1528; x_wconf 90' lang='grc'><strong><em>7.</em></strong></span> <span class='ocrx_word' id='word_1_94' title='bbox 804 1458 840 1526; x_wconf 83' lang='grc' dir='ltr'><em>ὃ</em></span> <span class='ocrx_word' id='word_1_95' title='bbox 876 1460 948 1526; x_wconf 81' lang='grc' dir='ltr'><strong><em>δὲ</em></strong></span> <span class='ocrx_word' id='word_1_96' title='bbox 976 1464 1288 1546; x_wconf 88' lang='grc' dir='ltr'><strong><em>μέγιστον</em></strong></span> <span class='ocrx_word' id='word_1_97' title='bbox 1321 1458 1389 1526; x_wconf 84' lang='grc' dir='ltr'><strong><em>ἐν</em></strong></span> <span class='ocrx_word' id='word_1_98' title='bbox 1419 1462 1503 1547; x_wconf 85' lang='grc' dir='ltr'><strong><em>τῇ</em></strong></span> <span class='ocrx_word' id='word_1_99' title='bbox 1538 1458 1741 1546; x_wconf 90' lang='grc' dir='ltr'><strong><em>φύσει</em></strong></span> <span class='ocrx_word' id='word_1_100' title='bbox 1788 1455 2003 1527; x_wconf 82' lang='grc' dir='ltr'><strong><em>αὗτῶν</em></strong></span> <span class='ocrx_word' id='word_1_101' title='bbox 2048 1455 2355 1543; x_wconf 78' lang='grc' dir='ltr'><strong><em>ὑπάρχει,</em></strong></span> <span class='ocrx_word' id='word_1_102' title='bbox 2400 1463 2605 1527; x_wconf 88' lang='grc' dir='ltr'><strong><em>τοῦτο</em></strong></span> 
     </span>
     <span class='ocr_line' id='line_1_13' title="bbox 439 1555 2604 1648; baseline 0 -21"><span class='ocrx_word' id='word_1_103' title='bbox 439 1561 515 1648; x_wconf 57' lang='lat'><strong><em>13⁸}</em></strong></span> <span class='ocrx_word' id='word_1_104' title='bbox 563 1555 890 1645; x_wconf 52' lang='lat' dir='ltr'><strong><em>fn&#39;fflssloptae,</em></strong></span> <span class='ocrx_word' id='word_1_105' title='bbox 935 1560 1171 1629; x_wconf 83' lang='grc' dir='ltr'><strong><em>εἰπεῖν.</em></strong></span> <span class='ocrx_word' id='word_1_106' title='bbox 1243 1567 1358 1628; x_wconf 91' lang='grc' dir='ltr'><strong><em>καί</em></strong></span> <span class='ocrx_word' id='word_1_107' title='bbox 1398 1586 1519 1645; x_wconf 91' lang='grc' dir='ltr'><strong><em>μοι</em></strong></span> <span class='ocrx_word' id='word_1_108' title='bbox 1551 1562 1731 1628; x_wconf 87' lang='grc' dir='ltr'><strong><em>δοκεῖ</em></strong></span> <span class='ocrx_word' id='word_1_109' title='bbox 1775 1557 1809 1627; x_wconf 81' lang='grc' dir='ltr'><em>ὃ</em></span> <span class='ocrx_word' id='word_1_110' title='bbox 1846 1560 2139 1628; x_wconf 84' lang='grc' dir='ltr'><strong><em>Πλάτων</em></strong></span> <span class='ocrx_word' id='word_1_111' title='bbox 2181 1561 2389 1645; x_wconf 88' lang='grc' dir='ltr'><strong><em>μόνον</em></strong></span> <span class='ocrx_word' id='word_1_112' title='bbox 2438 1555 2604 1629; x_wconf 66' lang='grc' dir='ltr'><strong><em>αὐτὸ</em></strong></span> 
     </span>
     <span class='ocr_line' id='line_1_14' title="bbox 435 1658 2607 1751; baseline 0.001 -24"><span class='ocrx_word' id='word_1_113' title='bbox 435 1663 747 1747; x_wconf 69' lang='grc' dir='ltr'><strong><em>παριδεῖν</em></strong></span> <span class='ocrx_word' id='word_1_114' title='bbox 793 1662 861 1732; x_wconf 88' lang='grc' dir='ltr'><strong><em>ἐν</em></strong></span> <span class='ocrx_word' id='word_1_115' title='bbox 906 1667 1002 1750; x_wconf 74' lang='grc' dir='ltr'><strong><em>τῷ</em></strong></span> <span class='ocrx_word' id='word_1_116' title='bbox 1047 1666 1205 1750; x_wconf 89' lang='grc' dir='ltr'><strong><em>περὶ</em></strong></span> <span class='ocrx_word' id='word_1_117' title='bbox 1238 1667 1455 1751; x_wconf 84' lang='grc' dir='ltr'><strong><em>ψυχῆς</em></strong></span> <span class='ocrx_word' id='word_1_118' title='bbox 1485 1665 1597 1730; x_wconf 88' lang='grc' dir='ltr'><strong><em>καὶ</em></strong></span> <span class='ocrx_word' id='word_1_119' title='bbox 1629 1658 2016 1739; x_wconf 72' lang='grc' dir='ltr'><strong><em>ἀθανασίας</em></strong></span> <span class='ocrx_word' id='word_1_120' title='bbox 2046 1663 2241 1751; x_wconf 81' lang='grc' dir='ltr'><strong><em>λόγῳ.</em></strong></span> <span class='ocrx_word' id='word_1_121' title='bbox 2318 1658 2607 1731; x_wconf 84' lang='grc' dir='ltr'><strong><em>ἀποθα-</em></strong></span> 
     </span>
     <span class='ocr_line' id='line_1_15' title="bbox 435 1761 2606 1854; baseline 0.001 -23"><span class='ocrx_word' id='word_1_122' title='bbox 435 1771 643 1831; x_wconf 54' lang='lat' dir='ltr'><strong><em>rafim</em></strong></span> <span class='ocrx_word' id='word_1_123' title='bbox 695 1764 822 1852; x_wconf 82' lang='grc' dir='ltr'><strong><em>γὰρ</em></strong></span> <span class='ocrx_word' id='word_1_124' title='bbox 880 1779 1046 1849; x_wconf 88' lang='grc' dir='ltr'><strong><em>μυῖα</em></strong></span> <span class='ocrx_word' id='word_1_125' title='bbox 1089 1770 1358 1854; x_wconf 49' lang='grc' dir='ltr'><strong><em>τέφρας,</em></strong></span> <span class='ocrx_word' id='word_1_126' title='bbox 1401 1763 1843 1854; x_wconf 74' lang='grc' dir='ltr'><strong><em>ἐπιχυθείσης</em></strong></span> <span class='ocrx_word' id='word_1_127' title='bbox 1900 1761 2259 1833; x_wconf 88' lang='grc' dir='ltr'><strong><em>ἀνίσταται</em></strong></span> <span class='ocrx_word' id='word_1_128' title='bbox 2303 1770 2415 1834; x_wconf 89' lang='grc' dir='ltr'><strong><em>καὶ</em></strong></span> <span class='ocrx_word' id='word_1_129' title='bbox 2461 1792 2606 1833; x_wconf 89' lang='grc' dir='ltr'><strong><em>πα-</em></strong></span> 
     </span>
     <span class='ocr_line' id='line_1_16' title="bbox 435 1861 2604 1956; baseline 0.002 -25"><span class='ocrx_word' id='word_1_130' title='bbox 435 1871 807 1951; x_wconf 54' lang='grc' dir='ltr'><strong><em>λιγγενεσία</em></strong></span> <span class='ocrx_word' id='word_1_131' title='bbox 861 1892 966 1946; x_wconf 91' lang='grc' dir='ltr'><strong><em>τις</em></strong></span> <span class='ocrx_word' id='word_1_132' title='bbox 1026 1861 1193 1955; x_wconf 84' lang='grc' dir='ltr'><strong><em>αῦτῇ</em></strong></span> <span class='ocrx_word' id='word_1_133' title='bbox 1248 1871 1361 1935; x_wconf 90' lang='grc' dir='ltr'><strong><em>καὶ</em></strong></span> <span class='ocrx_word' id='word_1_134' title='bbox 1404 1874 1556 1954; x_wconf 84' lang='grc' dir='ltr'><strong><em>βίος</em></strong></span> <span class='ocrx_word' id='word_1_135' title='bbox 1610 1862 1810 1946; x_wconf 71' lang='grc' dir='ltr'><strong><em>ἄλλος</em></strong></span> <span class='ocrx_word' id='word_1_136' title='bbox 1868 1867 1940 1946; x_wconf 83' lang='grc' dir='ltr'><strong><em>ἐξ</em></strong></span> <span class='ocrx_word' id='word_1_137' title='bbox 1979 1867 2281 1955; x_wconf 79' lang='grc' dir='ltr'><strong><em>ὑπαρχῆς</em></strong></span> <span class='ocrx_word' id='word_1_138' title='bbox 2322 1875 2604 1956; x_wconf 90' lang='grc' dir='ltr'><strong><em>γίνεται,</em></strong></span> 
     </span>
     <span class='ocr_line' id='line_1_17' title="bbox 435 1961 2607 2056; baseline 0.001 -21"><span class='ocrx_word' id='word_1_139' title='bbox 435 1967 523 2043; x_wconf 57' lang='grc' dir='ltr'><strong><em>εἰν-ς</em></strong></span> <span class='ocrx_word' id='word_1_140' title='bbox 583 1963 868 2056; x_wconf 65' lang='grc' dir='ltr'><strong><em>ἀκριβῶς</em></strong></span> <span class='ocrx_word' id='word_1_141' title='bbox 913 1974 1298 2037; x_wconf 89' lang='grc' dir='ltr'><strong><em>πεπεῖσθαι</em></strong></span> <span class='ocrx_word' id='word_1_142' title='bbox 1358 1968 1652 2051; x_wconf 85' lang='grc' dir='ltr'><strong><em>πάντας,</em></strong></span> <span class='ocrx_word' id='word_1_143' title='bbox 1716 1961 1824 2036; x_wconf 71' lang='grc' dir='ltr'><strong><em>ὅτι</em></strong></span> <span class='ocrx_word' id='word_1_144' title='bbox 1877 1969 2196 2038; x_wconf 83' lang='grc' dir='ltr'><strong><em>κάκείνων</em></strong></span> <span class='ocrx_word' id='word_1_145' title='bbox 2251 1964 2607 2049; x_wconf 89' lang='grc' dir='ltr'><strong><em>ἀθάνατός</em></strong></span> 
     </span>
     <span class='ocr_line' id='line_1_18' title="bbox 435 2067 2605 2160; baseline 0.002 -25"><span class='ocrx_word' id='word_1_146' title='bbox 435 2071 615 2137; x_wconf 67' lang='grc' dir='ltr'><strong><em>ἐστιν</em></strong></span> <span class='ocrx_word' id='word_1_147' title='bbox 643 2067 682 2160; x_wconf 68' lang='grc' dir='ltr'><em>ἦ</em></span> <span class='ocrx_word' id='word_1_148' title='bbox 713 2070 915 2157; x_wconf 84' lang='grc' dir='ltr'><strong><em>ψυχή,</em></strong></span> <span class='ocrx_word' id='word_1_149' title='bbox 964 2070 1030 2138; x_wconf 81' lang='grc' dir='ltr'><strong><em>εἰ’</em></strong></span> <span class='ocrx_word' id='word_1_150' title='bbox 1067 2095 1141 2157; x_wconf 91' lang='grc' dir='ltr'><strong><em>γε</em></strong></span> <span class='ocrx_word' id='word_1_151' title='bbox 1169 2074 1283 2137; x_wconf 89' lang='grc' dir='ltr'><strong><em>καὶ</em></strong></span> <span class='ocrx_word' id='word_1_152' title='bbox 1321 2067 1726 2138; x_wconf 81' lang='grc' dir='ltr'><strong><em>ἀπελθοῦσα</em></strong></span> <span class='ocrx_word' id='word_1_153' title='bbox 1772 2070 2204 2157; x_wconf 86' lang='grc' dir='ltr'><strong><em>ἐπανέρχεται</em></strong></span> <span class='ocrx_word' id='word_1_154' title='bbox 2233 2072 2442 2140; x_wconf 88' lang='grc' dir='ltr'><strong><em>πάλιν</em></strong></span> <span class='ocrx_word' id='word_1_155' title='bbox 2487 2074 2605 2139; x_wconf 87' lang='grc' dir='ltr'><strong><em>καὶ</em></strong></span> 
     </span>
     <span class='ocr_line' id='line_1_19' title="bbox 431 2171 2602 2263; baseline 0.001 -24"><span class='ocrx_word' id='word_1_156' title='bbox 431 2175 732 2259; x_wconf 60' lang='grc' dir='ltr'><strong><em>γνωρίζει</em></strong></span> <span class='ocrx_word' id='word_1_157' title='bbox 759 2175 873 2240; x_wconf 89' lang='grc' dir='ltr'><strong><em>καὶ</em></strong></span> <span class='ocrx_word' id='word_1_158' title='bbox 905 2171 1307 2263; x_wconf 87' lang='grc' dir='ltr'><strong><em>ἐπανίστησι</em></strong></span> <span class='ocrx_word' id='word_1_159' title='bbox 1334 2171 1409 2239; x_wconf 87' lang='grc' dir='ltr'><strong><em>τὸ</em></strong></span> <span class='ocrx_word' id='word_1_160' title='bbox 1462 2177 1656 2257; x_wconf 81' lang='grc' dir='ltr'><strong><em>σῶμα</em></strong></span> <span class='ocrx_word' id='word_1_161' title='bbox 1692 2176 1804 2241; x_wconf 88' lang='grc' dir='ltr'><strong><em>καὶ</em></strong></span> <span class='ocrx_word' id='word_1_162' title='bbox 1851 2178 2191 2242; x_wconf 89' lang='grc' dir='ltr'><strong><em>πέτεσθαι</em></strong></span> <span class='ocrx_word' id='word_1_163' title='bbox 2233 2173 2353 2259; x_wconf 88' lang='grc' dir='ltr'><strong><em>τὴν</em></strong></span> <span class='ocrx_word' id='word_1_164' title='bbox 2396 2188 2602 2258; x_wconf 87' lang='grc' dir='ltr'><strong><em>μυῖαν</em></strong></span> 
     </span>
     <span class='ocr_line' id='line_1_20' title="bbox 431 2273 2600 2363; baseline 0.002 -24.065"><span class='ocrx_word' id='word_1_165' title='bbox 431 2291 639 2355; x_wconf 58' lang='grc' dir='ltr'><strong><em>-εωεῑ</em></strong></span> <span class='ocrx_word' id='word_1_166' title='bbox 683 2279 794 2343; x_wconf 85' lang='grc' dir='ltr'><strong><em>καὶ</em></strong></span> <span class='ocrx_word' id='word_1_167' title='bbox 842 2274 1252 2362; x_wconf 87' lang='grc' dir='ltr'><strong><em>ἐπαληθεύει</em></strong></span> <span class='ocrx_word' id='word_1_168' title='bbox 1298 2274 1415 2342; x_wconf 83' lang='grc' dir='ltr'><strong><em>τὸν</em></strong></span> <span class='ocrx_word' id='word_1_169' title='bbox 1462 2279 1621 2362; x_wconf 89' lang='grc' dir='ltr'><strong><em>περὶ</em></strong></span> <span class='ocrx_word' id='word_1_170' title='bbox 1659 2273 2051 2363; x_wconf 90' lang='grc' dir='ltr'><strong><em>Ἑρμοτίμου</em></strong></span> <span class='ocrx_word' id='word_1_171' title='bbox 2096 2281 2216 2344; x_wconf 83' lang='grc' dir='ltr'><strong><em>τοῦ</em></strong></span> <span class='ocrx_word' id='word_1_172' title='bbox 2249 2277 2600 2362; x_wconf 83' lang='grc' dir='ltr'><strong><em>Κλαζομε-</em></strong></span> 
     </span>
     <span class='ocr_line' id='line_1_21' title="bbox 439 2369 2600 2480; baseline 0.004 -42"><span class='ocrx_word' id='word_1_173' title='bbox 439 2407 575 2443; x_wconf 65' lang='lat' dir='ltr'><strong><em>nm·</em></strong></span> <span class='ocrx_word' id='word_1_174' title='bbox 607 2381 849 2459; x_wconf 75' lang='grc' dir='ltr'><strong><em>μῦθον,</em></strong></span> <span class='ocrx_word' id='word_1_175' title='bbox 895 2369 1005 2444; x_wconf 91' lang='grc' dir='ltr'><strong><em>ότι</em></strong></span> <span class='ocrx_word' id='word_1_176' title='bbox 1035 2375 1361 2456; x_wconf 81' lang='grc' dir='ltr'><strong><em>πολλάκις</em></strong></span> <span class='ocrx_word' id='word_1_177' title='bbox 1398 2372 1684 2466; x_wconf 85' lang='grc' dir='ltr'><strong><em>ἀφιεῖσα</em></strong></span> <span class='ocrx_word' id='word_1_178' title='bbox 1716 2373 1917 2446; x_wconf 83' lang='grc' dir='ltr'><strong><em>αὐτὸν</em></strong></span> <span class='ocrx_word' id='word_1_179' title='bbox 1961 2375 2001 2466; x_wconf 81' lang='grc' dir='ltr'><em>ἦ</em></span> <span class='ocrx_word' id='word_1_180' title='bbox 2049 2378 2226 2480; x_wconf 86' lang='grc' dir='ltr'><strong><em>ψυχὴ</em></strong></span> <span class='ocrx_word' id='word_1_181' title='bbox 2260 2373 2600 2469; x_wconf 86' lang='grc' dir='ltr'><strong><em>ἀπεδήμει</em></strong></span> 
     </span>
     <span class='ocr_line' id='line_1_22' title="bbox 433 2467 2600 2571; baseline 0.002 -28.005"><span class='ocrx_word' id='word_1_182' title='bbox 433 2475 591 2543; x_wconf 56' lang='lat' dir='ltr'><strong><em>aa&amp;</em></strong></span> <span class='ocrx_word' id='word_1_183' title='bbox 647 2474 911 2566; x_wconf 75' lang='grc' dir='ltr'><strong><em>ἑαυτήν,</em></strong></span> <span class='ocrx_word' id='word_1_184' title='bbox 969 2475 1117 2546; x_wconf 87' lang='grc' dir='ltr'><strong><em>εἶτα</em></strong></span> <span class='ocrx_word' id='word_1_185' title='bbox 1163 2477 1639 2548; x_wconf 83' lang='grc' dir='ltr'><strong><em>ἐπανελθοῦσα</em></strong></span> <span class='ocrx_word' id='word_1_186' title='bbox 1686 2480 1979 2571; x_wconf 84' lang='grc' dir='ltr'><strong><em>ἐπλήρου</em></strong></span> <span class='ocrx_word' id='word_1_187' title='bbox 2027 2467 2231 2560; x_wconf 83' lang='grc' dir='ltr'><strong><em>αῦθις</em></strong></span> <span class='ocrx_word' id='word_1_188' title='bbox 2272 2481 2349 2549; x_wconf 82' lang='grc' dir='ltr'><strong><em>τὸ</em></strong></span> <span class='ocrx_word' id='word_1_189' title='bbox 2401 2485 2600 2566; x_wconf 82' lang='grc' dir='ltr'><strong><em>σῶμα</em></strong></span> 
     </span>
     <span class='ocr_line' id='line_1_23' title="bbox 363 2575 2599 2671; baseline 0.002 -24"><span class='ocrx_word' id='word_1_190' title='bbox 363 2611 395 2659; x_wconf 63' lang='lat'><strong><em>³5</em></strong></span> <span class='ocrx_word' id='word_1_191' title='bbox 435 2587 543 2647; x_wconf 66' lang='grc' dir='ltr'><strong><em>καὶ</em></strong></span> <span class='ocrx_word' id='word_1_192' title='bbox 591 2575 831 2649; x_wconf 67' lang='grc' dir='ltr'><strong><em>ἀνίστα</em></strong></span> <span class='ocrx_word' id='word_1_193' title='bbox 873 2580 991 2648; x_wconf 82' lang='grc' dir='ltr'><strong><em>τὸν</em></strong></span> <span class='ocrx_word' id='word_1_194' title='bbox 1029 2575 1438 2668; x_wconf 84' lang='grc' dir='ltr'><strong><em>Ἑρμότιμον.</em></strong></span> <span class='ocrx_word' id='word_1_195' title='bbox 1522 2588 1581 2652; x_wconf 93' lang='grc'><strong><em>8.</em></strong></span> <span class='ocrx_word' id='word_1_196' title='bbox 1629 2581 1831 2670; x_wconf 81' lang='grc' dir='ltr'><strong><em>ἀργὸς</em></strong></span> <span class='ocrx_word' id='word_1_197' title='bbox 1877 2584 1949 2651; x_wconf 81' lang='grc' dir='ltr'><strong><em>δὲ</em></strong></span> <span class='ocrx_word' id='word_1_198' title='bbox 1996 2577 2157 2671; x_wconf 85' lang='grc' dir='ltr'><strong><em>αῦτὴ</em></strong></span> <span class='ocrx_word' id='word_1_199' title='bbox 2203 2582 2314 2650; x_wconf 85' lang='grc' dir='ltr'><strong><em>καὶ</em></strong></span> <span class='ocrx_word' id='word_1_200' title='bbox 2360 2609 2599 2663; x_wconf 91' lang='grc' dir='ltr'><strong><em>ανετος</em></strong></span> 
     </span>
    </p>

    <p class='ocr_par' dir='ltr' id='par_1_3' title="bbox 322 2671 2675 4102">
     <span class='ocr_line' id='line_1_24' title="bbox 431 2671 2675 2776; baseline 0.002 -28"><span class='ocrx_word' id='word_1_201' title='bbox 431 2671 599 2748; x_wconf 53' lang='lat' dir='ltr'><strong><em>missa</em></strong></span> <span class='ocrx_word' id='word_1_202' title='bbox 647 2682 726 2750; x_wconf 81' lang='grc' dir='ltr'><strong><em>τὰ</em></strong></span> <span class='ocrx_word' id='word_1_203' title='bbox 757 2679 890 2750; x_wconf 85' lang='grc' dir='ltr'><strong><em>ῦπὸ</em></strong></span> <span class='ocrx_word' id='word_1_204' title='bbox 936 2686 1068 2751; x_wconf 81' lang='grc' dir='ltr'><strong><em>τῶν</em></strong></span> <span class='ocrx_word' id='word_1_205' title='bbox 1100 2679 1319 2751; x_wconf 80' lang='grc' dir='ltr'><strong><em>ἀλλων</em></strong></span> <span class='ocrx_word' id='word_1_206' title='bbox 1349 2683 1734 2770; x_wconf 85' lang='grc' dir='ltr'><strong><em>πονούμενα</em></strong></span> <span class='ocrx_word' id='word_1_207' title='bbox 1763 2689 2145 2775; x_wconf 83' lang='grc' dir='ltr'><strong><em>καρποῦται</em></strong></span> <span class='ocrx_word' id='word_1_208' title='bbox 2171 2689 2283 2754; x_wconf 86' lang='grc' dir='ltr'><strong><em>καὶ</em></strong></span> <span class='ocrx_word' id='word_1_209' title='bbox 2328 2686 2593 2776; x_wconf 83' lang='grc' dir='ltr'><strong><em>πλήρης</em></strong></span> <span class='ocrx_word' id='word_1_210' title='bbox 2616 2702 2675 2753; x_wconf 80' lang='grc'><strong><em>97</em></strong></span> 
     </span>
     <span class='ocr_line' id='line_1_25' title="bbox 431 2780 2597 2877; baseline 0.002 -25"><span class='ocrx_word' id='word_1_211' title='bbox 431 2780 595 2872; x_wconf 54' lang='grc' dir='ltr'><strong><em>αὐτῇ</em></strong></span> <span class='ocrx_word' id='word_1_212' title='bbox 647 2789 988 2870; x_wconf 80' lang='grc' dir='ltr'><strong><em>πανταχοῦ</em></strong></span> <span class='ocrx_word' id='word_1_213' title='bbox 1028 2785 1361 2873; x_wconf 84' lang='grc' dir='ltr'><strong><em>τράπεζα·</em></strong></span> <span class='ocrx_word' id='word_1_214' title='bbox 1408 2790 1520 2854; x_wconf 88' lang='grc' dir='ltr'><strong><em>καὶ</em></strong></span> <span class='ocrx_word' id='word_1_215' title='bbox 1556 2785 1684 2874; x_wconf 85' lang='grc' dir='ltr'><strong><em>γάρ</em></strong></span> <span class='ocrx_word' id='word_1_216' title='bbox 1731 2785 1913 2874; x_wconf 80' lang='grc' dir='ltr'><strong><em>αἶγες</em></strong></span> <span class='ocrx_word' id='word_1_217' title='bbox 1960 2781 2128 2877; x_wconf 83' lang='grc' dir='ltr'><strong><em>αῦτῇ</em></strong></span> <span class='ocrx_word' id='word_1_218' title='bbox 2174 2781 2597 2875; x_wconf 80' lang='grc' dir='ltr'><strong><em>ἀμέλγονται,</em></strong></span> 
     </span>
     <span class='ocr_line' id='line_1_26' title="bbox 431 2881 2631 2979; baseline 0.004 -27"><span class='ocrx_word' id='word_1_219' title='bbox 431 2892 538 2956; x_wconf 63' lang='grc' dir='ltr'><strong><em>καὶ</em></strong></span> <span class='ocrx_word' id='word_1_220' title='bbox 571 2884 607 2972; x_wconf 59' lang='grc' dir='ltr'><strong><em>ᾗ]</em></strong></span> <span class='ocrx_word' id='word_1_221' title='bbox 639 2890 919 2972; x_wconf 81' lang='grc' dir='ltr'><strong><em>μέλιττα</em></strong></span> <span class='ocrx_word' id='word_1_222' title='bbox 950 2881 1066 2970; x_wconf 80' lang='grc' dir='ltr'><strong><em>οῦχ</em></strong></span> <span class='ocrx_word' id='word_1_223' title='bbox 1087 2886 1326 2975; x_wconf 79' lang='grc' dir='ltr'><strong><em>ἥκιστα</em></strong></span> <span class='ocrx_word' id='word_1_224' title='bbox 1354 2894 1585 2971; x_wconf 89' lang='grc' dir='ltr'><strong><em>μυίαις</em></strong></span> <span class='ocrx_word' id='word_1_225' title='bbox 1610 2886 1742 2975; x_wconf 87' lang='grc' dir='ltr'><strong><em>[καὶ</em></strong></span> <span class='ocrx_word' id='word_1_226' title='bbox 1774 2885 2194 2979; x_wconf 85' lang='grc' dir='ltr'><strong><em>ἀνθρώποις]</em></strong></span> <span class='ocrx_word' id='word_1_227' title='bbox 2230 2891 2631 2979; x_wconf 80' lang='grc' dir='ltr'><strong><em>ἐργάζεται,.</em></strong></span> 
     </span>
     <span class='ocr_line' id='line_1_27' title="bbox 427 2983 2595 3080; baseline 0.002 -24"><span class='ocrx_word' id='word_1_228' title='bbox 427 2996 535 3056; x_wconf 66' lang='grc' dir='ltr'><strong><em>καὶ</em></strong></span> <span class='ocrx_word' id='word_1_229' title='bbox 587 2987 695 3077; x_wconf 65' lang='grc' dir='ltr'><strong><em>[αἱ]</em></strong></span> <span class='ocrx_word' id='word_1_230' title='bbox 752 2983 1088 3074; x_wconf 78' lang='grc' dir='ltr'><strong><em>ὀψοποιοὶ</em></strong></span> <span class='ocrx_word' id='word_1_231' title='bbox 1145 2988 1349 3076; x_wconf 85' lang='grc' dir='ltr'><strong><em>ταύτῃ</em></strong></span> <span class='ocrx_word' id='word_1_232' title='bbox 1407 2989 1494 3056; x_wconf 82' lang='grc' dir='ltr'><strong><em>τὰ</em></strong></span> <span class='ocrx_word' id='word_1_233' title='bbox 1550 2985 1698 3077; x_wconf 75' lang='grc' dir='ltr'><strong><em>ὄψα</em></strong></span> <span class='ocrx_word' id='word_1_234' title='bbox 1741 2989 2058 3080; x_wconf 84' lang='grc' dir='ltr'><strong><em>ἡδύνουσι</em></strong></span> <span class='ocrx_word' id='word_1_235' title='bbox 2100 2995 2209 3060; x_wconf 82' lang='grc' dir='ltr'><strong><em>καὶ</em></strong></span> <span class='ocrx_word' id='word_1_236' title='bbox 2255 2994 2595 3077; x_wconf 82' lang='grc' dir='ltr'><strong><em>βασιλέων</em></strong></span> 
     </span>
     <span class='ocr_line' id='line_1_28' title="bbox 431 3088 2595 3180; baseline 0.003 -24"><span class='ocrx_word' id='word_1_237' title='bbox 431 3088 647 3156; x_wconf 50' lang='lat' dir='ltr'><strong><em>sti-nh</em></strong></span> <span class='ocrx_word' id='word_1_238' title='bbox 690 3089 1090 3175; x_wconf 78' lang='grc' dir='ltr'><strong><em>προγεύεται</em></strong></span> <span class='ocrx_word' id='word_1_239' title='bbox 1131 3092 1244 3156; x_wconf 87' lang='grc' dir='ltr'><strong><em>καὶ</em></strong></span> <span class='ocrx_word' id='word_1_240' title='bbox 1287 3103 1437 3169; x_wconf 88' lang='grc' dir='ltr'><strong><em>ταῖς</em></strong></span> <span class='ocrx_word' id='word_1_241' title='bbox 1466 3093 1831 3179; x_wconf 81' lang='grc' dir='ltr'><strong><em>τραπέζαις</em></strong></span> <span class='ocrx_word' id='word_1_242' title='bbox 1870 3092 2432 3180; x_wconf 82' lang='grc' dir='ltr'><strong><em>ἐμπεριπατοῦσα</em></strong></span> <span class='ocrx_word' id='word_1_243' title='bbox 2477 3118 2595 3163; x_wconf 90' lang='grc' dir='ltr'><strong><em>συ·-</em></strong></span> 
     </span>
     <span class='ocr_line' id='line_1_29' title="bbox 359 3188 2596 3270; baseline 0.005 -14"><span class='ocrx_word' id='word_1_244' title='bbox 359 3212 395 3264; x_wconf 61' lang='lat' dir='ltr'><strong><em>g}</em></strong></span> <span class='ocrx_word' id='word_1_245' title='bbox 435 3196 775 3258; x_wconf 58' lang='lat' dir='ltr'><strong><em>ffflufiwc</em></strong></span> <span class='ocrx_word' id='word_1_246' title='bbox 821 3188 1048 3270; x_wconf 79' lang='grc' dir='ltr'><strong><em>αὐτοῖς</em></strong></span> <span class='ocrx_word' id='word_1_247' title='bbox 1077 3195 1188 3259; x_wconf 89' lang='grc' dir='ltr'><strong><em>καὶ</em></strong></span> <span class='ocrx_word' id='word_1_248' title='bbox 1221 3193 1677 3262; x_wconf 88' lang='grc' dir='ltr'><strong><em>συναπολαύει</em></strong></span> <span class='ocrx_word' id='word_1_249' title='bbox 1712 3195 2003 3263; x_wconf 83' lang='grc' dir='ltr'><strong><em>πάντων.</em></strong></span> <span class='ocrx_word' id='word_1_250' title='bbox 2078 3202 2135 3265; x_wconf 85' lang='grc'><strong><em>9.</em></strong></span> <span class='ocrx_word' id='word_1_251' title='bbox 2186 3198 2492 3266; x_wconf 85' lang='grc' dir='ltr'><strong><em>νεοττιὰν</em></strong></span> <span class='ocrx_word' id='word_1_252' title='bbox 2525 3199 2596 3266; x_wconf 83' lang='grc' dir='ltr'><strong><em>δὲ</em></strong></span> 
     </span>
     <span class='ocr_line' id='line_1_30' title="bbox 427 3284 2594 3390; baseline 0.006 -35"><span class='ocrx_word' id='word_1_253' title='bbox 427 3284 467 3380; x_wconf 57' lang='grc' dir='ltr'><strong><em>ἶ]</em></strong></span> <span class='ocrx_word' id='word_1_254' title='bbox 515 3291 752 3360; x_wconf 73' lang='grc' dir='ltr'><strong><em>καλιὰν</em></strong></span> <span class='ocrx_word' id='word_1_255' title='bbox 799 3289 915 3377; x_wconf 79' lang='grc' dir='ltr'><strong><em>οὐχ</em></strong></span> <span class='ocrx_word' id='word_1_256' title='bbox 961 3292 1058 3360; x_wconf 78' lang='grc' dir='ltr'><strong><em>ἑνὶ</em></strong></span> <span class='ocrx_word' id='word_1_257' title='bbox 1117 3292 1311 3382; x_wconf 83' lang='grc' dir='ltr'><strong><em>τόπῳ</em></strong></span> <span class='ocrx_word' id='word_1_258' title='bbox 1355 3297 1841 3383; x_wconf 88' lang='grc' dir='ltr'><strong><em>κατεστήσατο,</em></strong></span> <span class='ocrx_word' id='word_1_259' title='bbox 1899 3291 2069 3365; x_wconf 80' lang='grc' dir='ltr'><strong><em>ἀλλὰ</em></strong></span> <span class='ocrx_word' id='word_1_260' title='bbox 2115 3297 2429 3389; x_wconf 89' lang='grc' dir='ltr'><strong><em>πλάνητα</em></strong></span> <span class='ocrx_word' id='word_1_261' title='bbox 2473 3301 2594 3390; x_wconf 77' lang='grc' dir='ltr'><strong><em>τὴν</em></strong></span> 
     </span>
     <span class='ocr_line' id='line_1_31' title="bbox 427 3391 2590 3490; baseline 0.005 -30"><span class='ocrx_word' id='word_1_262' title='bbox 427 3400 674 3480; x_wconf 58' lang='grc' dir='ltr'><strong><em>πτῆσιν</em></strong></span> <span class='ocrx_word' id='word_1_263' title='bbox 703 3394 872 3462; x_wconf 82' lang='grc' dir='ltr'><strong><em>κατὰ</em></strong></span> <span class='ocrx_word' id='word_1_264' title='bbox 918 3394 1074 3473; x_wconf 83' lang='grc' dir='ltr'><strong><em>τοῦς</em></strong></span> <span class='ocrx_word' id='word_1_265' title='bbox 1104 3396 1373 3476; x_wconf 83' lang='grc' dir='ltr'><strong><em>Σκύθας</em></strong></span> <span class='ocrx_word' id='word_1_266' title='bbox 1411 3397 1893 3488; x_wconf 86' lang='grc' dir='ltr'><strong><em>ἐπανῃρημένη,</em></strong></span> <span class='ocrx_word' id='word_1_267' title='bbox 1943 3392 2119 3468; x_wconf 70' lang='grc' dir='ltr'><strong><em>ὅπου</em></strong></span> <span class='ocrx_word' id='word_1_268' title='bbox 2152 3391 2235 3469; x_wconf 68' lang='grc' dir='ltr'><strong><em>ἂν</em></strong></span> <span class='ocrx_word' id='word_1_269' title='bbox 2262 3402 2423 3490; x_wconf 84' lang='grc' dir='ltr'><strong><em>τύχῃ</em></strong></span> <span class='ocrx_word' id='word_1_270' title='bbox 2456 3399 2590 3470; x_wconf 83' lang='grc' dir='ltr'><strong><em>ὖπὸ</em></strong></span> 
     </span>
     <span class='ocr_line' id='line_1_32' title="bbox 427 3496 2595 3591; baseline 0.006 -30"><span class='ocrx_word' id='word_1_271' title='bbox 427 3500 543 3580; x_wconf 57' lang='grc' dir='ltr'><strong><em>τῇς</em></strong></span> <span class='ocrx_word' id='word_1_272' title='bbox 591 3496 821 3576; x_wconf 56' lang='grc' dir='ltr'><strong><em>Υψεκτὸς</em></strong></span> <span class='ocrx_word' id='word_1_273' title='bbox 849 3500 1387 3587; x_wconf 85' lang='grc' dir='ltr'><strong><em>καταληφθεῖσα,</em></strong></span> <span class='ocrx_word' id='word_1_274' title='bbox 1437 3499 1569 3568; x_wconf 88' lang='grc' dir='ltr'><strong><em>ἐκεῖ</em></strong></span> <span class='ocrx_word' id='word_1_275' title='bbox 1597 3503 1708 3569; x_wconf 87' lang='grc' dir='ltr'><strong><em>καὶ</em></strong></span> <span class='ocrx_word' id='word_1_276' title='bbox 1746 3501 1975 3569; x_wconf 78' lang='grc' dir='ltr'><strong><em>ἑστίαν</em></strong></span> <span class='ocrx_word' id='word_1_277' title='bbox 2005 3506 2117 3570; x_wconf 88' lang='grc' dir='ltr'><strong><em>καὶ</em></strong></span> <span class='ocrx_word' id='word_1_278' title='bbox 2148 3497 2340 3591; x_wconf 76' lang='grc' dir='ltr'><strong><em>εὐνὴν</em></strong></span> <span class='ocrx_word' id='word_1_279' title='bbox 2371 3519 2595 3574; x_wconf 87' lang='grc' dir='ltr'><strong><em>ποιεῖ-</em></strong></span> 
     </span>
     <span class='ocr_line' id='line_1_33' title="bbox 427 3595 2594 3692; baseline 0.006 -30"><span class='ocrx_word' id='word_1_280' title='bbox 427 3624 559 3664; x_wconf 66' lang='grc' dir='ltr'><strong><em>ται.</em></strong></span> <span class='ocrx_word' id='word_1_281' title='bbox 651 3595 785 3666; x_wconf 68' lang='grc' dir='ltr'><strong><em>ὑπὸ</em></strong></span> <span class='ocrx_word' id='word_1_282' title='bbox 834 3600 1050 3688; x_wconf 77' lang='grc' dir='ltr'><strong><em>σκότῳ</em></strong></span> <span class='ocrx_word' id='word_1_283' title='bbox 1093 3606 1354 3685; x_wconf 86' lang='grc' dir='ltr'><strong><em>μέντοι,</em></strong></span> <span class='ocrx_word' id='word_1_284' title='bbox 1415 3596 1511 3680; x_wconf 77' lang='grc' dir='ltr'><strong><em>ὥς</em></strong></span> <span class='ocrx_word' id='word_1_285' title='bbox 1555 3601 1755 3691; x_wconf 75' lang='grc' dir='ltr'><strong><em>ἔφην,</em></strong></span> <span class='ocrx_word' id='word_1_286' title='bbox 1812 3600 2003 3671; x_wconf 81' lang='grc' dir='ltr'><strong><em>οὐδὲν</em></strong></span> <span class='ocrx_word' id='word_1_287' title='bbox 2050 3603 2395 3692; x_wconf 83' lang='grc' dir='ltr'><strong><em>ἐργάζεται</em></strong></span> <span class='ocrx_word' id='word_1_288' title='bbox 2442 3600 2594 3674; x_wconf 82' lang='grc' dir='ltr'><strong><em>οῦδὲ</em></strong></span> 
     </span>
     <span class='ocr_line' id='line_1_34' title="bbox 427 3696 2594 3795; baseline 0.006 -32"><span class='ocrx_word' id='word_1_289' title='bbox 427 3696 607 3776; x_wconf 61' lang='grc' dir='ltr'><strong><em>ἐξιεῖ</em></strong></span> <span class='ocrx_word' id='word_1_290' title='bbox 667 3700 1031 3770; x_wconf 87' lang='grc' dir='ltr'><strong><em>λανθάνειν</em></strong></span> <span class='ocrx_word' id='word_1_291' title='bbox 1085 3729 1154 3769; x_wconf 89' lang='grc' dir='ltr'><strong><em>τι</em></strong></span> <span class='ocrx_word' id='word_1_292' title='bbox 1205 3703 1630 3788; x_wconf 89' lang='grc' dir='ltr'><strong><em>πράττουσα,</em></strong></span> <span class='ocrx_word' id='word_1_293' title='bbox 1686 3700 1840 3772; x_wconf 82' lang='grc' dir='ltr'><strong><em>οῦδὲ</em></strong></span> <span class='ocrx_word' id='word_1_294' title='bbox 1895 3701 2154 3795; x_wconf 74' lang='grc' dir='ltr'><strong><em>ἡγεῖταί</em></strong></span> <span class='ocrx_word' id='word_1_295' title='bbox 2206 3733 2271 3775; x_wconf 84' lang='grc' dir='ltr'><strong><em>τι</em></strong></span> <span class='ocrx_word' id='word_1_296' title='bbox 2320 3706 2594 3792; x_wconf 82' lang='grc' dir='ltr'><strong><em>αἰσχρὸν</em></strong></span> 
     </span>
     <span class='ocr_line' id='line_1_35' title="bbox 322 3799 2592 3899; baseline 0.004 -31"><span class='ocrx_word' id='word_1_297' title='bbox 322 3816 391 3868; x_wconf 72' lang='lat' dir='ltr'><strong><em>1ss</em></strong></span> <span class='ocrx_word' id='word_1_298' title='bbox 431 3812 672 3880; x_wconf 53' lang='grc' dir='ltr'><strong><em>ειῡιεῖν,</em></strong></span> <span class='ocrx_word' id='word_1_299' title='bbox 719 3799 756 3867; x_wconf 80' lang='grc' dir='ltr'><em>ὃ</em></span> <span class='ocrx_word' id='word_1_300' title='bbox 804 3801 873 3869; x_wconf 87' lang='grc' dir='ltr'><strong><em>ἐν</em></strong></span> <span class='ocrx_word' id='word_1_301' title='bbox 918 3807 1096 3891; x_wconf 82' lang='grc' dir='ltr'><strong><em>φωτὶ</em></strong></span> <span class='ocrx_word' id='word_1_302' title='bbox 1129 3805 1467 3891; x_wconf 81' lang='grc' dir='ltr'><strong><em>δρώμενον</em></strong></span> <span class='ocrx_word' id='word_1_303' title='bbox 1510 3806 1806 3889; x_wconf 83' lang='grc' dir='ltr'><strong><em>αἰσχύνει</em></strong></span> <span class='ocrx_word' id='word_1_304' title='bbox 1852 3803 2077 3898; x_wconf 83' lang='grc' dir='ltr'><strong><em>αὗτήν.</em></strong></span> <span class='ocrx_word' id='word_1_305' title='bbox 2155 3816 2254 3878; x_wconf 91' lang='grc'><strong><em>10.</em></strong></span> <span class='ocrx_word' id='word_1_306' title='bbox 2302 3813 2472 3899; x_wconf 82' lang='grc' dir='ltr'><strong><em>φησὶ</em></strong></span> <span class='ocrx_word' id='word_1_307' title='bbox 2521 3810 2592 3877; x_wconf 80' lang='grc' dir='ltr'><strong><em>δὲ</em></strong></span> 
     </span>
     <span class='ocr_line' id='line_1_36' title="bbox 431 3900 2593 3999; baseline 0.007 -36"><span class='ocrx_word' id='word_1_308' title='bbox 431 3900 463 3964; x_wconf 63' lang='grc' dir='ltr'><strong><em>εἰ</em></strong></span> <span class='ocrx_word' id='word_1_309' title='bbox 515 3904 736 3984; x_wconf 63' lang='grc' dir='ltr'><strong><em>μῦθος</em></strong></span> <span class='ocrx_word' id='word_1_310' title='bbox 778 3906 890 3970; x_wconf 87' lang='grc' dir='ltr'><strong><em>καὶ</em></strong></span> <span class='ocrx_word' id='word_1_311' title='bbox 935 3900 1309 3989; x_wconf 74' lang='grc' dir='ltr'><strong><em>ἄνθρωπόν</em></strong></span> <span class='ocrx_word' id='word_1_312' title='bbox 1351 3934 1506 3975; x_wconf 90' lang='grc' dir='ltr'><strong><em>τινα</em></strong></span> <span class='ocrx_word' id='word_1_313' title='bbox 1545 3913 1782 3976; x_wconf 87' lang='grc' dir='ltr'><strong><em>Μυῖαν</em></strong></span> <span class='ocrx_word' id='word_1_314' title='bbox 1822 3908 1899 3977; x_wconf 83' lang='grc' dir='ltr'><strong><em>τὸ</em></strong></span> <span class='ocrx_word' id='word_1_315' title='bbox 1949 3903 2224 3998; x_wconf 85' lang='grc' dir='ltr'><strong><em>ἀρχαῖον</em></strong></span> <span class='ocrx_word' id='word_1_316' title='bbox 2267 3917 2593 3999; x_wconf 86' lang='grc' dir='ltr'><strong><em>γενέσθαι</em></strong></span> 
     </span>
     <span class='ocr_line' id='line_1_37' title="bbox 427 4004 2586 4102; baseline 0.007 -36"><span class='ocrx_word' id='word_1_317' title='bbox 427 4004 603 4068; x_wconf 57' lang='lat' dir='ltr'><strong><em>mim</em></strong></span> <span class='ocrx_word' id='word_1_318' title='bbox 663 4005 896 4094; x_wconf 88' lang='grc' dir='ltr'><strong><em>καλήν,</em></strong></span> <span class='ocrx_word' id='word_1_319' title='bbox 957 4004 1162 4072; x_wconf 88' lang='grc' dir='ltr'><strong><em>λάλον</em></strong></span> <span class='ocrx_word' id='word_1_320' title='bbox 1204 4012 1435 4091; x_wconf 84' lang='grc' dir='ltr'><strong><em>μέντοι</em></strong></span> <span class='ocrx_word' id='word_1_321' title='bbox 1477 4033 1551 4095; x_wconf 91' lang='grc' dir='ltr'><strong><em>γε</em></strong></span> <span class='ocrx_word' id='word_1_322' title='bbox 1600 4014 1713 4078; x_wconf 89' lang='grc' dir='ltr'><strong><em>καὶ</em></strong></span> <span class='ocrx_word' id='word_1_323' title='bbox 1768 4011 2118 4102; x_wconf 88' lang='grc' dir='ltr'><strong><em>στωμύλην</em></strong></span> <span class='ocrx_word' id='word_1_324' title='bbox 2161 4014 2273 4080; x_wconf 87' lang='grc' dir='ltr'><strong><em>καὶ</em></strong></span> <span class='ocrx_word' id='word_1_325' title='bbox 2319 4006 2586 4102; x_wconf 77' lang='grc' dir='ltr'><strong><em>ᾠδικήν,</em></strong></span> 
     </span>
    </p>
   </div>
  </div>
 </body>
</html>
