2867 4525
443 271 523 330 10
1340 273 1713 327 ΛΟΥΚΙΑΝΟΥ

436 445 653 521 καλῶς
710 439 842 524 εἶχε
902 436 1327 510 δεδικάσθαι.
1417 442 1595 531 πλὴν
1652 438 1821 511 ἀλλὰ
1878 444 2116 530 κλήρου
2171 444 2400 511 ἕνδεκα
2442 444 2605 522 τοῦς

440 540 681 638 αὐτοῖς
725 544 1003 663 ἑκατέρᾳ
1046 547 1201 643 τῶν,
1225 545 1447 612 δικῶν.

608 651 819 713 ΕΡΜ.
868 632 962 712 Ευ
1006 671 1097 732 γε,
1146 644 1198 712 ὠ
1246 652 1452 735 Δίκη,
1499 647 1701 736 φείδῃ
1745 646 1836 735 μὴ
1884 647 2057 714 πολὺ
2107 647 2600 716 ἀναλίσκεσθαι

436 747 512 816 τὸ
563 750 964 818 δικαστικόν.

350 863 422 917 15
619 858 714 917 15.
760 855 946 918 AIK.
1011 853 1097 918 Οἱ
1141 859 1406 939 πρῶτοι
1449 850 1912 930 καθιζέτωσαν
1956 855 2039 941 τῇ
2076 850 2448 976 Ἀκαδημίᾳ
2485 858 2598 921 καὶ

433 957 519 1043 τῇ
564 959 818 1042 Μέθῃ·
895 952 974 1020 σὺ
1022 955 1095 1021 δὲ
1140 952 1216 1020 τὸ
1263 946 1444 1040 ύδωρ
1498 953 1686 1039 ἔγχει.
1776 959 2073 1038 προτέρα
2119 954 2192 1021 δὲ
2239 954 2320 1021 σὺ
2367 958 2511 1043 λέγε
2556 953 2596 1045 ἡ

435 1061 674 1143 Μέθη.
743 1062 813 1123 τί
844 1060 1000 1144 σιγᾷ
1044 1059 1155 1123 καὶ
1202 1056 1528 1139 διανεύει,·
1570 1055 1778 1140 μάθε,
1824 1052 1878 1121 εὖ
1905 1051 2119 1142 Ἑρμῆ,
2166 1060 2597 1144 προσελθων.

602 1164 812 1226 ΕΡΜ.
885 1152 980 1226 Οὐ
1014 1157 1321 1241 δύναμαι,
1369 1162 1558 1245 φησί,
1603 1153 1721 1224 τὸν
1768 1149 1994 1241 άγαῖνα
2032 1157 2249 1226 εἰπεῖν
2292 1156 2428 1227 ὑπὸ
2477 1165 2596 1229 τοῦ

435 1256 722 1347 ἀκράτου
767 1259 888 1348 τὴν
931 1260 1231 1345 γλῶτταν
1277 1258 1738 1347 πεπεδημένη,
1793 1257 1883 1348 μὴ
1943 1262 2053 1326 καὶ
2097 1264 2356 1345 γέλωτα
2403 1259 2597 1351 οφλω

434 1363 503 1430 ἐν
542 1367 640 1451 τῷ
687 1363 1113 1449 δικαστηρίῳ.
1202 1360 1399 1447 μόγις
1445 1361 1518 1427 δὲ
1562 1363 1673 1427 καὶ
1720 1360 2005 1450 ἕστηκεν,
2052 1358 2146 1439 ὥς
2190 1359 2375 1452 ὁρᾷς.

600 1471 784 1531 ΔΙΚ.
861 1458 1112 1532 Ούκοῦν
1167 1462 1527 1552 συνήγορον
1585 1459 2124 1547 ἀναβιβασάσθω
2174 1470 2309 1533 τῶν
2356 1467 2595 1535 δεινῶν

430 1566 684 1635 τούτων
727 1560 908 1634 τινά·
970 1568 1218 1634 πολλοὶ
1261 1563 1389 1653 γὰρ
1437 1567 1502 1633 οι
1545 1555 1667 1632 κᾶν
1699 1564 1815 1633 ἐπὶ
1845 1566 2195 1654 τριωβόλῳ
2228 1569 2595 1657 διαρραγῆ-

431 1696 541 1737 ναι
586 1669 863 1753 ἕτοιμοι.

601 1777 814 1839 ΕΡΜ.
905 1766 1095 1838 Ἀλλ’
1159 1766 1314 1838 οὐδὲ
1372 1768 1470 1848 εἷς
1527 1717 1838 1857 ἐθελήσει
1898 1771 1967 1838 ἐν
2033 1795 2108 1857 γε
2163 1775 2260 1858 τῷ
2319 1778 2598 1863 φανερῷ

431 1877 911 1962 συναγορεῦσαι
954 1877 1204 1960 Μέθη·
1307 1871 1484 1958 πλὴν
1542 1866 1922 1957 εὐγνώμονά
1979 1897 2053 1958 γε
2108 1876 2322 1941 ταῦτα
2380 1875 2600 1944 εὀικεν
2618 1892 2713 1944 810

435 1972 684 2056 ἀξιοῦν.

601 2082 785 2145 ΔΙΚ.
860 2078 960 2145 Τὰ
1007 2091 1217 2161 ποῖα,·

603 2185 814 2247 ΕΡΜ.
853 2176 943 2246 Ἡ
971 2175 1341 2266 Ἀκαδημία
1386 2173 1561 2263 πρὸς
1592 2174 2014 2267 ἀμφοτέρους
2044 2171 2146 2246 ἇεὶ
2178 2179 2605 2266 παρεσκεύα-

433 2307 588 2351 σται
630 2282 787 2362 τοὺς
833 2283 1067 2369 λόγους
1110 2284 1222 2348 καὶ
1251 2275 1440 2348 τοῦτ’
1494 2274 1686 2348 ἀσκεῖ
1726 2274 2054 2348 τάναντία
2096 2284 2314 2361 καλῶς
2358 2281 2599 2348 δύνασ-

431 2390 562 2452 θαι
606 2386 836 2472 λέγειν.
926 2377 1090 2473 αῦτη
1137 2389 1381 2464 τοίνυν,
1428 2388 1655 2470 φησίν,
1700 2379 1872 2465 ὑπὲρ
1918 2386 2079 2466 ἐμοῦ
2123 2383 2453 2470 πρότερον
2499 2383 2599 2450 εἷ-

432 2480 649 2568 πάτω,
698 2482 843 2554 εἶτα
886 2486 1163 2571 ὕστερον
1205 2482 1380 2572 ὑπὲρ
1425 2484 1664 2573 ἑαυτῆς
1710 2483 1863 2568 ἐρεῖ.

601 2591 788 2654 ΔΙΚ.
848 2587 1069 2656 Καινὰ
1100 2589 1223 2673 μὲν
1264 2591 1496 2669 ταῦτα,
1545 2586 1696 2654 εἰπὲ
1744 2581 1883 2653 δὲε
1858 2582 2060 2671 όμως,
2107 2573 2162 2653 ὦ
2199 2583 2598 2675 Ἀκαδημία,

430 2687 549 2758 τὸν
595 2689 788 2776 λόγον
833 2689 1163 2781 εκάτερον,
1212 2690 1367 2758 ἐπεί
1412 2713 1524 2758 σοι
1520 2689 1822 2809 ῥᾴδιον.

342 2803 415 2858 16
606 2799 704 2860 16.
749 2796 1052 2860 ΑΚΑΔ.
1103 2787 1437 2873 Ἀκούετε,
1493 2817 1548 2857 ω
1608 2787 1842 2879 ἅνδρες
1899 2791 2236 2871 δικασταί,
2293 2791 2600 2877 πρότερα

429 2894 513 2962 τὰ
558 2891 729 2978 ύπὲρ
772 2898 891 2981 τῆς
935 2899 1220 2983 Μέθης·
1298 2892 1550 2982 ἐκείνης
1591 2917 1718 2979 γαρ
1762 2894 1840 2962 τό
1879 2918 1954 2980 γε
1984 2898 2097 2961 νῦν
2129 2896 2298 2982 ῥέον.
2363 2887 2599 2982 ἠδίκη-

430 3023 544 3064 ται
589 2996 661 3063 δὲ
705 2992 744 3084 ἡ
793 2989 1010 3064 ἀθλία
1052 2996 1138 3063 τὰ
1181 3001 1465 3083 μέγιστα
1510 2991 1641 3063 ὑπὸ
1676 2999 1794 3085 τῆς
1814 2989 2225 3083 Ἀκαδημίας
2255 2995 2436 3080 ἐμοῦ,
2484 3023 2603 3063 αν-

432 3097 778 3184 δράποδον
820 3095 859 3165 ὃ
903 3098 1110 3182 μόνον
1167 3096 1341 3181 εἶχεν
1399 3093 1629 3165 εὔνουν
1683 3101 1796 3166 καὶ
1838 3096 2088 3165 πιστὸν
2134 3095 2322 3187 αὐτῇ,
2384 3097 2599 3185 μηδὲν

433 3199 705 3286 αἰσχρὸν
749 3194 843 3266 ὧν
873 3199 1312 3285 προστάξειεν
1348 3199 1677 3284 οἰόμενον,
1725 3197 2185 3288 ἀφαιρεθεῖσα
2226 3198 2346 3267 τὸν
2374 3202 2600 3268 Πολέ-

427 3328 619 3387 μωνα
665 3301 946 3383 ἐκεῖνον,
1005 3300 1081 3380 ὃς
1131 3295 1298 3387 μεθ’
1361 3298 1614 3389 ἡμέραν
1671 3300 1962 3386 ἐκώμαζε
2020 3300 2132 3370 διὰ
2177 3306 2295 3390 τῆς
2340 3298 2597 3388 ἀγορᾶς

428 3409 635 3493 μέσης
677 3406 1023 3491 ψαλτρίας
1068 3403 1232 3488 ἔχων
1274 3407 1388 3472 καὶ
1429 3404 1885 3493 κατᾳδόμενος
1914 3404 2132 3473 ἕωθεν
2178 3404 2247 3483 ἐς
2275 3403 2593 3491 ἑσπέραν,

426 3505 703 3591 μεθύων
759 3499 867 3573 ἀεὶ
919 3509 1030 3574 καὶ
1087 3507 1481 3593 κραιπαλῶν
1535 3510 1650 3574 καὶ
1706 3504 1825 3593 τὴν
1880 3506 2178 3594 κεφαλὴν
2234 3521 2380 3586 τοῖς
2439 3532 2592 3576 στε-

429 3608 674 3696 φάνοις
731 3607 1228 3696 διηνθισμένος.
1339 3611 1453 3675 καὶ
1508 3611 1721 3675 ταῦτα
1764 3599 1873 3675 ὅτι
1934 3601 2192 3698 ἀληθῆ,
2257 3609 2592 3697 μάρτυρες

420 3703 783 3797 Ἀθηναῖοι
828 3702 1147 3793 ἅπαντες,
1209 3712 1274 3778 οἱ
1327 3711 1496 3800 μηδὲ
1540 3709 1823 3777 πώποτε
1867 3710 2168 3801 νήφοντα
2210 3714 2590 3798 Πολέμωνα

430 3811 702 3891 ἰδόντες.
795 3811 947 3881 ἐπεὶ
994 3813 1066 3880 δὲ
1114 3808 1151 3879 ὃ
1196 3814 1623 3898 κακοδαίμων
1681 3810 1795 3880 ἐπὶ
1848 3810 1974 3892 τὰς
2023 3817 2143 3901 τῆς
2177 3807 2590 3905 Ἀκαδημίας

425 3908 647 3999 θύρας
678 3914 1038 4003 ἐκώμασεν,
1084 3908 1314 4003 ὥσπερ
1345 3914 1463 3983 ἐπὶ
1495 3913 1757 3992 πάντας
1789 3912 2048 3991 εἰώθει,
2089 3914 2589 3999 ἀνδραποδισα-

426 4022 588 4107 μένη
636 4010 837 4085 αῧτὸν
892 4021 1003 4087 καὶ
1066 4010 1204 4085 άπὸ
1264 4021 1396 4085 τῶν
1449 4018 1689 4100 χειρῶν
1739 4018 1859 4101 τῆς
1902 4020 2156 4105 Μέθης
2214 4014 2587 4104 ἁρπάσασα
