2867 4525
39 620 42 787 ἒ

940 250 1199 305 LUGIANI
1234 251 1334 303 BIS
1371 250 1772 305 AGCUSATUS.
2313 250 2435 308 265

275 445 333 488 c.
403 430 460 488 7.
479 431 989 507 ,προσποιεῖσθαι
1028 425 1182 485 idem
1228 424 1387 501 quod
1426 421 1897 506 ὑποκρίνεσθαι
1928 429 1993 485 in
2019 442 2221 486 scaena
2246 433 2439 504 partes

491 526 740 589 alicuius
783 532 1084 608 suscipere,
1131 530 1373 589 imitari.
1421 563 1505 572 -
1548 525 1672 592 κᾶν
1717 529 1912 605 ἐνίοις
1957 571 1972 587 ·
2035 573 2049 589 ·
2110 521 2373 607 ἐντύχῃς
2416 523 2435 609 ss

497 629 589 691 Of.
636 630 732 691 ad.
778 648 831 690 c.
874 634 927 693 1.

272 752 328 796 ο.
401 736 458 797 8.
487 745 848 797 καταπτοῖο
880 727 905 814 ΙΙ
936 726 1298 796 κατάπτοιο
1323 731 1460 798 coh.
1489 765 1573 777 --
1596 735 1653 796 εἰ
1675 735 1870 812 μηδὲν
1901 723 2083 802 ἄλλο,
2117 734 2293 797 αἰδοῖ
2315 738 2438 796 τοῦ

272 3412 325 3455 c.
359 3400 458 3455 11.

493 830 810 918 σχήματος
837 832 1227 917 μετριώτερα
1258 831 1825 918 διαμαρτάνουσιν.
1894 837 2044 897 Esse
2088 835 2203 896 hoc
2243 835 2435 914 philo-

437 1005 441 1009 ,
488 937 806 1016 sophorum
830 944 1031 1018 σχῆμα
1049 935 1359 1016 (habitum)
1389 956 1464 998 ex
1484 937 1975 1016 praecedentibus
1995 937 2192 999 verbis
2206 938 2437 999 intelle·

489 1042 663 1118 gitur.
709 1038 959 1102 Omnino
984 1047 1187 1120 σχῆμα
1209 1058 1508 1117 nunquam
1538 1041 1805 1102 absolute
1834 1044 2167 1118 usurpatur,
2199 1037 2306 1102 sed
2332 1043 2435 1120 ita,

490 1147 555 1204 ut
596 1160 712 1219 quo
742 1142 1117 1205 referendum
1149 1144 1228 1219 sit
1254 1144 1355 1204 vel
1385 1161 1462 1204 ex
1505 1147 1784 1205 contextu
1827 1162 1899 1203 ac
1940 1160 2122 1204 sensu
2147 1143 2438 1204 redundet

488 1246 589 1307 vel
617 1245 892 1306 attributo
924 1247 1052 1306 sive
1095 1246 1461 1308 substantivo
1508 1248 1633 1307 sive
1676 1247 1969 1308 adiectivo
2015 1250 2290 1308 accurate
2334 1245 2435 1306 de-

488 1347 723 1409 finiatur
752 1346 831 1408 cf.
862 1366 915 1407 c.
952 1351 1052 1409 28.
1087 1352 1165 1409 29
1197 1344 1361 1412 κατὰ
1400 1344 1478 1413 τὸ
1525 1354 1727 1429 σχῆμα
1756 1356 1880 1414 τοῦ
1909 1346 2215 1427 διαλόγου
2246 1367 2300 1427 e.
2335 1354 2430 1414 30.

487 1443 684 1511 -”έτι
704 1445 827 1530 γὰρ
851 1446 1091 1526 α’ύτοὺς
1112 1452 1502 1527 μετέβαπτεν
1517 1446 1556 1535 ἡ
1574 1455 1930 1529 φιλοσοφία
1954 1457 2437 1532 παραλαβοῦσα

491 1592 508 1611 .
540 1546 774 1616 ὀπόσοι
801 1555 920 1629 μὲν
955 1546 1103 1617 οὖν
1148 1553 1211 1629 ἐς
1254 1549 1461 1634 κόρον
1506 1548 1702 1616 ἔπιον
1745 1560 1857 1634 τῆς
1899 1558 2128 1633 βαφῆς,
2168 1557 2435 1634 χρηστοὶ

492 1652 774 1736 ἀκριβῶς
817 1652 1330 1737 ἀπετελέσθησαν
1372 1706 1385 1720 .
1420 1705 1434 1720 .
1471 1703 1486 1720 .
1536 1651 1971 1732 ἑτοιμότατοι·
2018 1651 2161 1720 ὅσοι
2207 1660 2273 1720 δὲ
2301 1706 2315 1720 .
2366 1706 2379 1720 .
2414 1706 2428 1721 .

489 1760 904 1838 παρδαλωτοὶ
935 1754 1056 1838 τὴν
1094 1755 1298 1840 χρόαν
1331 1756 1355 1837 ΙΙ
1388 1748 1539 1820 ἐπεὶ
1572 1777 1683 1836 pro
1729 1748 1842 1820 ἐπὶ
1882 1761 1944 1818 in
1990 1760 2225 1836 optimis
2268 1759 2434 1821 libris

487 1853 631 1942 ΩΓ,
663 1853 808 1924 οὖν
838 1860 955 1921 del.
987 1860 1188 1939 det.;
1217 1879 1328 1938 pro
1356 1865 1576 1939 puncto
1607 1866 1894 1923 commate
1921 1863 2117 1938 posito
2148 1869 2433 1943 παραλα-

487 1968 718 2041 βοῦσα,
766 1957 998 2027 ὁπόσοι
1043 2013 1056 2027 .
1106 2013 1120 2027 .
1173 1967 1231 2023 et
1261 1958 1405 2028 ὅσοι
1433 1982 1552 2024 non
1587 1965 1911 2040 interrupto
1942 1982 2211 2025 sermone
2246 1982 2433 2040 usque

488 2063 567 2125 ad
603 2059 810 2145 χρόαν
856 2067 1286 2126 continuantur.
1358 2066 1748 2144 Philosophia
1785 2069 1875 2128 est
1902 2066 2155 2126 tinctura
2185 2083 2302 2141 qua
2331 2066 2434 2127 ho-

487 2167 674 2227 mines
703 2167 892 2243 magis
923 2169 1113 2226 minus
1142 2166 1247 2227 loti
1275 2168 1613 2245 philosophi
1642 2165 1807 2227 fiunt.
1859 2167 1969 2227 Est
1995 2170 2188 2227 autem
2216 2169 2436 2246 triplex

489 2288 697 2348 genus,
740 2272 992 2347 primum
1037 2265 1319 2347 (ὁπόσοι)
1368 2289 1586 2349 eorum,
1634 2255 1737 2347 qui
1775 2273 2065 2349 integram
2110 2275 2169 2331 et
2196 2272 2436 2349 plenam

490 2385 621 2433 eam
674 2374 735 2433 in
786 2391 851 2434 se
893 2377 1278 2452 receperunt,
1329 2378 1599 2455 χρηστοί
1639 2374 1774 2435 ideo
1817 2376 2130 2455 nominati,
2190 2376 2436 2436 alterum

488 2470 681 2553 (ὅσοι)
725 2477 827 2550 qui
867 2476 1144 2535 meliores
1174 2475 1357 2553 vulgo
1387 2494 1508 2537 non
1539 2476 1680 2536 satis
1709 2479 1906 2535 tamen
1934 2479 2098 2537 tincti
2127 2477 2234 2538 sed
2264 2480 2433 2538 semi-

490 2576 648 2648 docti
671 2578 770 2637 vel
799 2578 1280 2655 semiphilosophi
1310 2581 1463 2658 sunt,
1492 2572 1865 2655 μιξόλευκοι
1895 2579 1998 2638 vel
2018 2581 2434 2659 παρδαλωτοὶ

486 2676 605 2760 τὴν
629 2675 816 2761 χρόα,
847 2682 1103 2760 tertium,
1137 2680 1280 2757 (εἰσὶ
1311 2683 1350 2743 δ
1365 2677 1396 2731 ²-
1411 2680 1498 2757 οἳ)
1532 2682 1633 2756 qui
1660 2680 2023 2740 extrinsecus
2052 2683 2275 2739 tantum
2305 2683 2434 2740 atti-

489 2786 703 2859 gerunt
724 2781 1066 2859 amphoram
1088 2785 1150 2842 in
1174 2801 1292 2859 qua
1313 2782 1553 2843 condita
1581 2786 1672 2842 est
1692 2783 1945 2842 tinctura
1967 2786 2027 2841 et
2046 2783 2286 2842 summis
2308 2786 2435 2842 tan-

487 2882 820 2960 tumdigitis
832 2885 992 2944 uncu'
1003 2889 1158 2964 sunt,
1181 2884 1522 2961 philosophi
1533 2884 1621 2942 illi
1640 2884 1875 2943 nomine
1887 2901 2005 2943 non
2022 2883 2204 2959 digni.
2235 2884 2303 2942 In
2318 2901 2435 2959 quo
2475 2881 2480 2886 ’

491 2987 662 3045 teru‘o
696 3004 917 3062 genere
944 2991 1130 3047 restat
1159 2986 1399 3063 aliquod
1426 2986 1700 3047 mendum
1728 2971 2072 3065 tollendum,
2117 2987 2169 3046 si
2201 2985 2433 3061 quidem

489 3090 712 3148 mutata
737 3087 881 3148 sede
909 3089 1236 3165 particulae
1266 3092 1374 3151 καὶ
1404 3088 1721 3165 legendum
1753 3092 1841 3148 est
1860 3082 2226 3167 ψαύσαντες
2255 3089 2434 3151 ἔκτο-

492 3195 649 3253 σθεν
662 3214 715 3254 τ.
734 3192 1001 3271 λέβητος
1022 3195 1147 3255 καὶ
1171 3183 1351 3276 ι’ίκρῳ
1365 3198 1461 3275 τῷ
1479 3185 1778 3276 δακτύλῳ
1804 3187 2293 3273 ἐπιχρισάμενοι,
2313 3210 2434 3252 non

489 3288 857 3371 ψαύσαντες
888 3336 905 3353 .
933 3336 950 3353 .
982 3283 1163 3378 ἄκρῳ
1195 3300 1290 3378 τῷ
1320 3289 1618 3379 δακτύλῳ
1649 3299 1781 3356 καὶ
1812 3290 2314 3374 ἐπιχρισάμενοι·
2338 3343 2384 3357 ..
2413 3343 2427 3357 .

488 3391 1096 3476 μεγαλοφωνότεροι
1154 3430 1238 3439 -
1290 3391 1683 3476 θρασύτεροι
1737 3438 1752 3454 .
1808 3438 1824 3455 .
1879 3391 2139 3475 ὕστεροι
2183 3390 2207 3477 ΙΙ
2248 3417 2436 3473 μεγα-

490 3492 952 3575 λοφωνότατοι
1000 3542 1014 3558 .
1047 3543 1064 3560 .
1095 3549 1110 3563 .
1157 3521 1341 3582 τατοι
1388 3541 1403 3557 .
1452 3541 1467 3557 .
1516 3513 1734 3561 στατοι
1769 3496 1908 3561 Oob.
1999 3496 2079 3557 At
2123 3496 2280 3574 quod
2309 3496 2434 3557 fere

489 3598 612 3660 bini
640 3602 796 3661 inter
821 3618 890 3661 se
918 3602 1218 3678 litigantes
1247 3600 1568 3679 disputant,
1607 3598 1749 3660 ferri
1776 3603 2026 3676 possunt
2052 3601 2436 3676 comparativi

490 3734 575 3744 -
630 3696 953 3786 ἀγκύλῳ
1013 3708 1122 3785 τῷ
1178 3697 1548 3786 δακτύλῳ
1608 3695 2045 3779 ἀποξυόμενοι
2087 3694 2108 3781 Ι
2149 3698 2436 3780 ἀγκῶνι

490 3798 532 3865 ἀ
545 3807 716 3881 ποξ.
746 3804 1006 3882 Egregie
1029 3803 1174 3865 Oob.
1200 3806 1302 3881 qui
1332 3800 1372 3867 ἀ
1380 3827 1472 3882 γκ
1489 3809 1631 3867 ῶνι
1659 3805 1720 3863 in
1742 3798 2004 3888 ἀγκύλῳ
2029 3802 2433 3884 depravatum,

489 3911 585 3989 τῷ
624 3902 922 3990 δακτύλῳ
968 3911 1188 3967 temere
1231 3906 1493 3967 additum
1535 3903 1638 3985 (cf.
1669 3924 1722 3965 c.
1756 3907 1818 3984 8)
1858 3905 2146 3978 iudicans,
2191 3904 2436 3986 ἀγκῶνι

492 3999 893 4085 ἀποξύεσθαι
937 4006 1115 4068 affine
1158 4007 1299 4069 dicit
1342 4025 1475 4067 esse
1519 4004 1762 4086 ἀγκῶνι
1807 4000 2288 4083 ἀπομύττεσθαι
2319 4026 2435 4082 ‚cu-
