2867 4525
1059 286 1213 340 ΠΕΡΙ
1248 285 1388 341 ΤΟΥ-
1415 285 1631 339 ΟῙΚΟΥ.
2321 286 2440 344 147

261 458 477 532 θέας·
537 453 770 537 σχεδὸν
820 454 948 541 γὰρ
1006 455 1187 543 ἐσρεῑ
1229 481 1299 524 τι
1356 455 1472 524 διὰ
1525 458 1660 522 τῶν
1718 449 2103 544 ὀφθαλμῶν
2163 453 2281 523 ἐπὶ
2323 455 2444 544 τήν

265 554 490 644 ψυχὴν
546 557 749 625 καλόν
772 607 788 631 ,
844 554 991 626 εἶτα
1046 556 1223 645 πρὸς
1281 550 1442 625 αῦτὸ
1502 560 1847 642 κοσμῆσαν
1900 556 2233 643 ἐκπέμπει
2286 557 2444 637 τοὺς

267 653 525 743 λόγους.
631 647 674 745 ἢ
727 661 826 745 τῷ
877 660 999 744 μὲν
1048 655 1346 744 Ἀχιλλεῖ
1406 654 1844 743 πιστεύομεν,
1910 659 2033 747 τὴν
2087 655 2255 747 ὄψιν
2306 664 2444 728 τῶν

266 755 503 827 ὅπλων
561 758 897 829 ἐπιτεῖναι
950 760 1119 829 κατὰ
1163 766 1297 828 τῶν
1347 764 1628 849 Φρυγῶν
1683 760 1805 850 τὴν
1849 755 2079 851 ὀργήν,
2133 765 2246 831 καὶ
2290 761 2443 831 ἐπεὶ

264 859 453 929 ἐνέδυ
500 853 670 928 αῦτὰ
718 862 1152 950 πειρώμενος,
1201 862 1590 952 ἐπαρθῆναι
1623 866 1737 932 καὶ
1781 867 2225 953 πτερωθῆναι
2267 863 2443 950 πρὸς

260 962 387 1051 τὴν
431 966 553 1030 τοί
595 966 900 1050 πολέμου
958 964 1373 1051 ἐπιθυμίαν,
1428 964 1628 1051 λόγου
1687 965 1761 1032 δὲ
1806 964 2108 1054 σπουδὴν
2150 967 2240 1056 μὴ
2288 965 2442 1034 ἐπι-

259 1070 615 1134 τείνεσθαι
657 1066 835 1154 πρὸς
876 1068 1083 1158 κάλλη
1122 1073 1421 1155 χωρίων,·
1464 1072 1687 1134 καίτοι
1715 1066 2058 1151 Σωκράτει
2099 1068 2221 1152 μὲν
2267 1061 2442 1135 ἀπέ-

255 1190 467 1254 χρησε
508 1169 858 1238 πλατάνου
904 1163 1151 1259 εὗφυία
1192 1170 1306 1237 καὶ
1349 1168 1496 1236 πόα
1540 1161 1837 1257 εῦθαλὴς
1865 1171 1980 1237 καὶ
2020 1169 2199 1260 πηγὴ
2251 1170 2442 1238 διαυ-

258 1272 387 1355 γῆς
451 1269 688 1356 μικρὸν
758 1265 895 1339 άπὸ
964 1275 1084 1339 τοῦ
1149 1271 1501 1353 Εἰλισσοῦ,
1575 1264 1928 1339 κάνταῦθα
1990 1271 2442 1357 καθεζόμενος

265 1371 573 1458 Φαίδρου
645 1398 721 1440 τε
791 1377 913 1441 τοῦ
976 1379 1485 1461 Μυρρινουσίου
1556 1372 2069 1457 κατειρωνεύετο
2140 1376 2251 1442 καὶ
2322 1373 2441 1440 τὸν

257 1478 534 1544 Λυσίου
592 1477 715 1541 τοῦ
771 1474 1097 1563 Κεφάλου
1164 1475 1358 1563 λόγον
1427 1473 1725 1561 διήλεγχε
1787 1477 1901 1542 καὶ
1967 1474 2091 1553 τὰς
2148 1475 2441 1554 Μούσας

260 1573 486 1642 ἐκάλει
539 1577 653 1642 καὶ
709 1574 1061 1646 ἐπίστευεν
1116 1569 1301 1664 ἥξειν
1359 1569 1565 1654 αὐτὰς
1621 1575 1735 1642 ἐπὶ
1791 1574 1914 1663 τὴν
1959 1573 2238 1663 ἐρημίαν
2283 1600 2438 1645 συν-

257 1678 773 1767 επιληψομένας
815 1681 949 1746 τῶν
980 1681 1142 1767 περὶ
1172 1682 1294 1746 τοῦ
1342 1677 1593 1765 ἔρωτος
1638 1677 1873 1764 λόγων,
1916 1680 2029 1745 καὶ
2075 1671 2193 1745 οἰκ
2233 1675 2437 1768 ᾐσχύ-

258 1804 411 1847 νετο
440 1784 649 1866 γέρων
681 1775 1054 1867 ἅνθρωπος
1096 1780 1511 1867 παρακαλῶν
1545 1783 1934 1865 παρθένους
1965 1785 2438 1865 συνεισομένας

255 1880 348 1948 τὰ
412 1881 925 1968 παιδεραστικά.
1025 1882 1093 1962 ἐς
1160 1882 1234 1949 δὲ
1301 1880 1476 1948 οὕτω
1541 1879 1745 1949 καλὸν
1806 1888 2054 1970 χωρίον
2121 1875 2238 1949 οῦκ
2297 1872 2430 1970 [ἂν]

260 1982 561 2069 οἰόμεθα
604 1988 717 2053 καὶ
765 1980 1087 2073 ἀκλήτους
1135 1978 1341 2063 αὐτὰς
1384 1983 1646 2068 ἐλθεῖν,·
1704 1990 1764 2051 5.
1807 1987 1920 2052 καὶ
1963 1983 2095 2070 μὴν
2140 1978 2219 2051 οὗ
2261 1983 2431 2052 κατά
2463 1987 2502 2043 5

255 2110 334 2172 γε
391 2085 586 2154 σκιὰν
640 2086 845 2175 μόνην
901 2081 1057 2156 οῦδὲ
1110 2085 1280 2154 κατὰ
1337 2084 1686 2153 πλατάνου
1741 2084 1984 2164 κάλλος
2025 2082 2066 2174 ἡ
2111 2082 2432 2176 ὖποδοχή,

141 2204 241 2255 193
264 2181 411 2254 οὐδ’
464 2215 544 2255 αν
587 2186 710 2277 τὴν
754 2187 870 2256 ἐπὶ
908 2192 1007 2276 τῷ
1036 2188 1338 2276 Εἰλισσῷ
1366 2185 1758 2255 καταλιπὼν
1785 2185 1906 2278 τὴν
1947 2189 2283 2273 βασιλέως
2326 2189 2434 2255 λέ-

255 2314 382 2378 γῃς
421 2289 542 2377 τὴν
593 2295 868 2380 χρυσῆν·
932 2291 1181 2381 ἐκείνης
1223 2292 1344 2377 μὲν
1386 2288 1515 2377 γὰρ
1573 2288 1642 2357 ἐν
1685 2293 1772 2380 τῇ
1813 2292 2220 2380 πολυτελείᾳ
2260 2292 2431 2381 μόνῃ

257 2391 339 2459 τὸ
385 2394 647 2477 θαῦμα,
692 2398 882 2484 τέχνη
929 2383 1074 2461 δὲ
1031 2420 1071 2483 η
1115 2383 1444 2474 κάλλος“
1400 2421 1443 2480 η
1486 2397 1730 2479 τέρψις
1773 2419 1813 2481 η
1857 2390 1934 2459 τὸ
1985 2392 2360 2480 σύμμετρον
2389 2384 2432 2482 ἢ

256 2494 338 2561 τὸ
386 2493 725 2581 εῦρυθμον
769 2489 845 2563 οῦ
893 2502 1326 2583 συνείργαστο
1373 2488 1528 2562 οῦδὲ
1569 2499 2007 2579 κατεμέμικτο
2051 2499 2151 2582 τῷ
2190 2500 2432 2583 χρυσῷ,

259 2590 415 2666 αλλ’
469 2595 548 2686 ἠν
587 2597 996 2686 βαρβαρικὸν
1033 2596 1111 2665 vo*
1155 2602 1409 2683 θέαμα,
1457 2597 1750 2674 πλοῦτος
1788 2590 1996 2680 μόνον
2025 2601 2138 2664 καὶ
2169 2597 2436 2685 φθόνος

256 2703 397 2767 τῶν
441 2700 722 2768 ἰδόντων
763 2702 877 2768 καὶ
920 2693 1440 2785 ευδαιμονισμὸς
1482 2699 1616 2764 τῶν
1661 2696 1974 2781 ἐχόντων·
2036 2697 2316 2777 επαινος
2361 2699 2434 2767 δὲ

259 2796 563 2887 οῦδαμοῖ
615 2806 907 2891 προσῆν·
978 2795 1133 2870 οῦδὲ
1185 2799 1313 2890 γὰρ
1373 2799 1564 2885 ε’μελε
1620 2812 1764 2877 τοῖς
1815 2791 2246 2885 Ἀρσακίδαις
2299 2803 2436 2868 τῶν

256 2906 478 2972 καλῶν
524 2897 680 2972 οῦδὲ
709 2905 886 2994 πρὸς
911 2905 988 2974 τὸ
1021 2902 1312 2991 τερπνὸν
1343 2899 1699 2969 ἐποιοῦντο
1734 2899 1858 2979 τὰς
1888 2899 2251 2981 ἐπιδείξεις
2282 2897 2427 2970 οὐδ’

259 3005 653 3094 ἐφρόντιζον
698 3007 759 3076 εί
804 3007 1278 3076 ἐπαινέσονται
1321 3006 1388 3072 οἱ
1422 3009 1695 3086 θεαταί,
1745 2998 1889 3070 ἀλλ’
1948 2995 2139 3083 ὅπως
2183 3004 2434 3072 ἐκπλα-

257 3108 610 3195 γήσονται·
665 3103 741 3176 οὗ
800 3108 1159 3199 φιλόκαλοι
1201 3107 1358 3194 γάρ,
1423 3100 1597 3173 ἀλλὰ
1653 3104 2107 3194 φιλόπλουτοὶ
2152 3107 2322 3176 εἰσιν
2368 3109 2435 3175 οἱ

255 3211 613 3298 βάρβαροι.
716 3217 772 3281 6.
832 3210 1072 3278 τούτου
1136 3210 1209 3277 δὲ
1271 3212 1392 3277 τοῦ
1448 3208 1633 3276 οἴκου
1690 3207 1768 3276 τὸ
1827 3208 2070 3287 κάλλος
2127 3203 2205 3276 οὗ
2261 3207 2429 3276 κατὰ
2465 3225 2505 3280 6

256 3312 706 3400 βαρβαρικούς
756 3339 945 3392 τινας
1002 3306 1409 3404 ὀφθαλμοὺς
1467 3308 1623 3378 οῦδὲ
1678 3308 1848 3377 κατὰ
1884 3311 2223 3396 Περσικὴν
2269 3309 2435 3377 άλα-

258 3416 523 3497 ζονείαν
551 3404 594 3502 ἢ
621 3414 973 3502 βασιλικὴν
1000 3416 1450 3502 μεγαλαυχίαν
1489 3406 1642 3479 οῦδὲ
1673 3417 1962 3500 πένητος
1988 3411 2216 3495 μόνον,
2262 3405 2432 3477 άλλᾶ

256 3516 551 3606 εὐφυοῦς
594 3520 852 3584 θεατοῦ
883 3516 1195 3601 δεόμενον
1225 3518 1337 3584 καὶ
1383 3507 1520 3603 ὅτῳ
1548 3513 1639 3604 μὴ
1682 3513 1751 3580 ἐν
1778 3516 1863 3598 τῇ
1894 3507 2061 3598 ὄψει
2104 3507 2147 3578 '1‘
2194 3518 2431 3598 κρίσις,

257 3614 436 3688 ἄλλά
477 3645 585 3699 τις
626 3622 742 3687 καὶ
786 3618 1104 3706 λογισμὸς
1143 3618 1602 3686 ἐπακολουθεῖ
1640 3628 1786 3694 τοῖς
1813 3616 2278 3700 βλεπομένοις.
2354 3613 2428 3681 τὸ

254 3721 385 3809 γὰρ
451 3724 574 3809 τῆς
634 3746 710 3789 τε
764 3717 1018 3807 ἡμέρας
1073 3720 1246 3808 πρὸς
1300 3718 1378 3787 τὸ
1448 3718 1803 3785 κάλλιστον
1872 3710 2292 3798 ἀποβλέπειν
2349 3755 2434 3767 -

253 3825 619 3893 κάλλιστον
665 3823 737 3890 δὲ
783 3822 983 3910 αὐτῆς
1026 3826 1138 3891 καὶ
1184 3819 1682 3889 ποθεινότατον
1733 3814 1772 3907 ἦ
1821 3811 1985 3906 ἆρχή
2029 3857 2114 3867 —-
2156 3822 2268 3886 καὶ
2313 3817 2433 3887 τὸν

256 3928 454 4019 ἥλιον
512 3920 993 4012 ὑπερκύψαντα
1061 3923 1266 4003 εὐθὺς
1330 3918 1793 4005 ὑποδέχεσθαι
1846 3922 1958 3988 καὶ
2018 3924 2138 3987 τοῦ
2203 3920 2435 4008 φωτὸς

149 4047 239 4098 194
264 4029 763 4116 ἐμπίπλασθαι
808 4027 874 4107 ἐς
917 4026 1113 4114 κόρον
1160 4022 1740 4110 ἀναπεπταμένων
1785 4026 1915 4091 τῶν
1960 4025 2210 4106 θυρῶν,
2255 4016 2422 4088 καθ’

2013 4124 2118 4177 10*
