2867 4525
454 294 535 352 78
1141 335 1150 344 .
1356 294 1636 348 ΛΟΥΚΙΑΝ
1643 294 1721 345 01

452 478 967 554 προαποκαμεῖν
1028 459 1353 531 ἀκούοντα
1407 466 1521 530 καὶ
1579 459 2041 549 ἀπαγορεῦσαι
2091 462 2313 528 πολλὰ
2355 457 2625 547 χαίρειν

455 568 810 656 φράσαντα
845 570 930 655 τῇ
962 565 1356 653 ἐλπιζομένῃ
1391 565 1602 653 ἐκείνῃ
1638 559 2061 653 εὐδαιμονίᾳ·
2109 559 2143 630 6
2180 565 2251 631 δὲ
2297 562 2417 632 ἐπὶ
2462 564 2623 630 τού-

454 696 599 748 τοις
644 665 796 737 οῦδὲ
839 666 1138 753 μισθοὺς
1181 661 1446 754 ὀλίγους
1492 660 1773 734 ἀπαιτεῖ
1820 669 1950 731 τῶν
1995 665 2332 732 τοσούτων
2378 670 2620 744 κακῶν,

457 766 610 838 ἀλλ’
663 765 803 838 οὐδ’
857 761 939 836 ἀν
982 766 1302 859 ἡγήσαιτό
1338 793 1467 850 σοι,
1516 769 1576 835 εἰ
1619 768 1710 857 μὴ
1744 768 2001 855 μεγάλα
2030 767 2361 854 πρότερον
2394 768 2621 854 λάβοι.

353 890 428 945 10
466 881 564 942 10.
611 870 645 939 o‘
691 873 814 957 μὲν
865 876 1079 939 ταῦτα
1136 871 1339 959 φήσει
1397 866 1657 951 ἀλαζών
1712 872 1824 952 καὶ
1884 865 2155 953 ἀρχαῖος
2199 866 2289 947 ὥς
2335 864 2625 960 ἀληθῶς

455 978 569 1043 καὶ
598 974 924 1061 Κρονικὸς
968 970 1338 1060 ἅνθρωπος
1369 973 1636 1059 νεκροὺς
1665 972 1733 1051 ἐς
1759 979 2042 1061 μίμησιν
2071 971 2408 1051 παλαιοὺς
2443 998 2625 1060 προ·-

455 1078 680 1154 τιθεὶς
707 1079 818 1143 καὶ
852 1072 1233 1163 ἀνορύττειν
1265 1070 1470 1154 ἀξιῶν
1500 1074 1734 1162 λόγους
1758 1075 1974 1143 πάλαι
1994 1079 2626 1161 κατορωρυγμένους

459 1178 549 1256 ὥς
613 1205 681 1245 τι
745 1183 1057 1265 μέγιστον
1125 1171 1419 1263 ἀγαθόν,
1486 1182 1985 1262 μαχαιροποιοῦ
2036 1176 2183 1245 υἱὸν
2234 1180 2347 1243 καὶ
2414 1172 2624 1244 ἄλλον

450 1277 868 1366 Ἀτρομητου
913 1280 1097 1359 τινὸς
1138 1283 1646 1367 γραμματιστοῦ
1693 1279 1924 1367 ζηλοῦν
1971 1273 2206 1360 ἀξιῶν,
2250 1281 2363 1345 καὶ
2407 1283 2627 1346 ταῦτα
2648 1294 2710 1343 11

443 1382 526 1450 ’ἐν
573 1381 794 1470 εἰρήνῃ
837 1383 1007 1470 μήτε
1041 1385 1400 1450 Φιλίππου
1443 1381 1757 1459 ἐπιόντος
1793 1382 1960 1466 μήτε
1982 1380 2493 1468 Αλεξάνδρου’
2465 1407 2626 1449 επι-ῑ·

454 1484 831 1567 τάττοντος,
864 1477 1039 1552 όπου
1069 1482 1154 1550 τὰ
1189 1484 1453 1553 ἐκείνων
1481 1494 1652 1563 τέως
1681 1484 1895 1551 ἐδόκει
1917 1483 2232 1571 χρήσιμα,
2274 1478 2391 1550 οῦκ
2420 1482 2627 1562 ειδώς

457 1583 672 1655 οποία
717 1591 830 1654 νῦν
873 1587 1424 1714 κεκαινοτόμηται
1465 1601 1700 1669 ταχεῖα
1728 1589 1838 1653 καὶ
1873 1580 2247 1674 ἀπράγμων
2290 1588 2402 1652 καὶ
2448 1579 2624 1652 εύθῦ

455 1694 577 1776 τῆς
606 1691 952 1815 ῥητορικῆς
983 1687 1159 1767 ὁδός.
1235 1690 1314 1756 συ
1363 1691 1435 1757 δὲ
1464 1687 1627 1777 μήτε
1656 1695 2042 1757 πείθεσθαι
2047 1687 2237 1812 μήτε
2265 1692 2626 1774 προσέχειν

462 1786 663 1879 αυτῷ,
707 1794 798 1877 μή
844 1815 921 1858 σε
951 1791 1380 1880 ἐκτραχηλίσῃ
1413 1816 1550 1858 που
1580 1789 1996 1913 παραλαβων
2038 1782 2081 1879 ἢ
2114 1790 2190 1857 τὸ
2238 1792 2626 1857 τελευταῖον

458 1897 886 1981 προγηρᾶσαι
940 1908 1085 1972 τοῖς
1136 1894 1375 1971 πόνοις
1432 1892 1931 1981 παρασκευάσῃ.
2022 1889 2174 1959 ἀλλ’
2228 1919 2290 1960 ει
2346 1893 2628 1971 πάντως

444 1994 616 2083 ’ἐρᾷς
667 1998 779 2062 καὶ
835 1995 1115 2077 τάχιστα
1173 1994 1437 2074 ἐθέλεις
1480 1999 1564 2084 τῇ
1617 1997 1927 2084 ρητορικῇ
1973 2009 2268 2062 συνεῖναι
2313 1988 2628 2078 ἀκμάζων

460 2096 591 2178 ἐ’τι,
648 2092 736 2175 ὥς
791 2101 900 2165 καὶ
962 2097 1370 2177 σπουδάζοιο
1425 2096 1602 2184 πρὸς
1648 2092 1879 2187 αύτῆς,
1941 2096 2054 2165 ἰ’θι
2096 2100 2194 2184 τῷ
2249 2096 2371 2181 μὲν
2430 2097 2632 2163 δασεῖ

460 2199 675 2287 τούτῳ
719 2203 832 2267 καὶ
862 2205 1040 2288 πέρα
1081 2203 1202 2267 τοῦ
1230 2205 1504 2286 μετρίου
1539 2193 1827 2287 ἀνδρικῷ
1855 2198 2075 2287 μακρά
2116 2205 2373 2286 χαίρειν
2407 2197 2628 2267 εἰπὼν

463 2306 636 2389 λέγε,
685 2300 1069 2386 ἀναβαίνειν
1116 2296 1316 2368 αύτὸν
1359 2305 1473 2368 καὶ
1519 2297 1760 2379 ἄλλους
1803 2298 2104 2380 ὁπόσους
2151 2292 2231 2368 ἀν
2277 2300 2630 2380 ἐξαπατᾶν

463 2403 738 2487 δύνηται
769 2399 1053 2490 ἀνάγειν,
1085 2403 1477 2471 καταλιπών
1502 2397 1973 2489 ἀσθμαίνοντα
1995 2407 2105 2472 καὶ
2132 2405 2365 2489 ἱδρῶτι
2386 2403 2629 2489 πολλῷ

359 2526 425 2577 11
464 2504 766 2572 συνόντα.
840 2514 938 2574 11.
971 2506 1051 2573 σύ
1098 2507 1171 2574 δὲ
1215 2506 1390 2594 πρὸς
1428 2507 1547 2596 τὴν
1579 2506 1808 2594 ἑτέραν
1854 2506 2073 2573 ἐλθών
2105 2502 2406 2596 εῦρήσεις
2449 2506 2628 2571 πολ·

465 2607 620 2687 λοῦς
648 2609 769 2692 μὲν
797 2613 909 2677 καὶ
940 2605 1198 2691 ἄλλους,
1247 2609 1314 2677 ἐν
1357 2609 1623 2687 τούτοις
1652 2610 1724 2675 δὲ
1767 2611 1880 2675 καὶ
1910 2608 2269 2697 πάνσοφόν
2311 2634 2466 2676 τινα
2510 2610 2625 2674 καὶ

461 2710 805 2796 πάγκαλον
851 2707 1081 2798 ἄνδρα,
1129 2712 1730 2796 διασεσαλευμένον
1774 2710 1850 2779 τὸ
1896 2705 2225 2795 βάδισμα,
2272 2709 2627 2777 ἐπικεκλα-

466 2818 706 2897 σμένον
734 2813 852 2880 τὸν
884 2808 1140 2896 αὗχένα,
1186 2829 1556 2901 γυναικεῖον
1586 2813 1660 2881 τὸ
1694 2816 1979 2900 βλέμμα,
2023 2811 2333 2935 μελιχρὸν
2362 2810 2439 2879 τὸ
2475 2804 2627 2901 φώ-

465 2942 656 3002 νημα,
702 2916 925 3001 μύρων
974 2911 1427 2998 ἀποπνέοντα,
1473 2942 1566 3002 τῳ
1610 2914 1968 3002 δακτύλῳ’
1941 2910 2119 3001 άκρῳ
2162 2914 2282 3002 τὴν
2323 2911 2626 3036 κεφαλην
2652 2933 2704 2983 12

462 3018 824 3101 κνώμενον,
880 3014 1110 3105 ὀλίγας
1165 3018 1285 3102 μὲν
1344 3018 1474 3098 ε’τι,
1538 3012 1737 3095 ου’λας
1783 3017 1855 3083 δὲ
1904 3020 2017 3084 καὶ
2059 3012 2459 3096 ὗακινθίνας
2499 3015 2627 3095 τὰς

461 3125 692 3205 τρίχας
762 3114 1222 3201 εύθετίζοντα,
1296 3118 1647 3207 πάναβρόν
1716 3145 1869 3186 τινα
1935 3118 2514 3205 Σαρδανάπαλλον
2580 3104 2626 3206 ἢ

461 3221 757 3307 Κινύραν
800 3211 843 3307 ἢ
889 3215 1089 3288 αυτὸν
1112 3217 1479 3309 Ἀγάθωνα
1521 3221 1638 3288 τὸν
1680 3225 1799 3310 τῆς
1827 3220 2203 3308 τραγωδίας
2248 3220 2623 3307 ἐπέραστον

464 3323 710 3391 ἐκεῖνον
739 3324 1048 3414 ποιητήν.
1124 3328 1291 3410 λέγω
1324 3324 1396 3391 δε
1441 3319 1530 3402 ὡς
1560 3318 1697 3391 ἀπὸ
1744 3323 1997 3391 τούτων
2039 3322 2386 3411 γνωρίζοις
2418 3316 2623 3388 αὐτὸν

462 3428 632 3516 μηδέ
677 3450 752 3493 σε
797 3428 970 3495 οὕτω
1016 3432 1391 3494 θεσπέσιον
1440 3430 1659 3514 χρῆμα
1701 3428 1812 3492 καὶ
1859 3428 2060 3513 φίλον
2092 3420 2464 3513 Ἀφροδίτῃ
2509 3427 2622 3491 καὶ

462 3528 725 3618 Χάρισι
767 3530 1113 3598 διαλάθοι.
1187 3535 1409 3596 καίτοι
1438 3534 1508 3594 τί
1539 3534 1750 3616 φημί;
1792 3518 1913 3594 κάν
1954 3527 2015 3594 εἰ
2058 3527 2295 3611 μύοντι
2337 3527 2465 3614 γάρ
2512 3550 2623 3593 σοι

462 3634 871 3715 προσελθών
929 3633 1117 3700 είποι
1170 3657 1239 3698 τι
1280 3629 1358 3696 τὸ
1400 3625 1767 3716 (Υμήττιον
1824 3627 2032 3697 ἐκεῖνο
2087 3623 2360 3708 ἀνοίξας
2405 3628 2623 3714 στόμα

461 3738 573 3801 καὶ
617 3734 735 3824 τὴν
795 3734 1053 3823 συνήθη
1115 3732 1345 3822 φωνὴν
1396 3725 1634 3821 ἀφείη,
1690 3731 1950 3816 μάθοις
2008 3721 2090 3799 ἀν
2148 3756 2241 3810 ως
2299 3724 2445 3814 ούχὶ
2489 3754 2622 3797 των

460 3829 628 3902 καθ’
680 3832 853 3921 ἡμᾶς
884 3835 1082 3914 ἐστιν,
1131 3839 1199 3903 οἰ
1228 3829 1516 3923 ἀρούρης
1544 3832 1803 3955 καρπὸν
1835 3834 2087 3918 ε’δομεν,
2135 3827 2305 3900 ἀλλά
2335 3860 2404 3901 τι
2435 3833 2618 3911 ξένον

463 3936 704 4024 φάσμα
748 3927 1040 4024 δρόσῳ’
999 3966 1037 4025 η
1081 3934 1417 4025 ἀμβροσίᾳ
1444 3934 1873 4058 τρεφόμενον.
1946 3933 2162 4022 τούτῳ
2191 3940 2417 4001 τοίνυν
2449 3957 2619 4020 προ-

465 4036 727 4108 σελθὼν
756 4040 868 4104 καὶ
900 4038 1245 4125 παραδους
1290 4035 1571 4105 σεαυτὸν
1604 4031 1839 4103 αὐτίκα
1868 4037 2118 4120 μάλα(
2080 4036 2297 4125 ρήτωρ
2344 4035 2460 4123 ε’σῃ
2506 4036 2617 4101 καὶ
