2867 4525
473 291 504 348 1
517 288 596 348 10
1362 286 1743 342 ΔΟΥΚῙΑΝΟΥ

465 469 783 545 χνοῶντα,
828 457 1266 546 κερασφόρον,
1310 457 1629 544 βότρυσιν
1670 454 2233 544 ἐστεφανωμένον,
2278 460 2486 543 μίτρᾳ
2512 453 2633 544 τὴν

469 562 678 651 κόμην
746 554 1256 644 ἀναδεδεμένον,
1332 559 1401 626 ἐν
1467 558 1841 646 πορφυρίδι
1905 558 2016 624 καὶ
2077 564 2289 645 χρυσῇ
2357 555 2629 641 ἐμβάδι·

466 660 996 752 ὑποστρατηγεῖν
1041 661 1115 728 δὲ
1160 661 1310 743 δύο,
1372 659 1489 727 ε’να
1531 664 1654 744 μέν
1696 684 1849 727 τινα
1884 657 2167 755 βραχύν,
2229 651 2629 745 πρεσβύτην,

467 761 855 847 ῦπόπαχυν,
923 763 1388 849 προγάστορα,
1457 762 1832 850 ῥινόσιμον,
1899 756 2039 827 ὠτα
2104 759 2362 846 μεγάλα
2416 754 2632 846 όρθια

470 867 735 950 ἔχοντα,
780 861 1197 951 υπότρομον,
1247 863 1538 954 νάρθηκι
1582 862 2122 947 ἐπερειδόμενον,
2181 858 2294 929 ἐπ’
2343 856 2499 929 όνου
2544 861 2635 929 τὰ

468 966 693 1036 πολλὰ
739 962 1134 1048 ἱππεύοντα,
1182 965 1251 1033 ἐν
1293 969 1608 1053 κροκωτῷ
1643 968 1756 1034 καὶ
1798 968 2054 1041 τοῦτον,
2100 963 2281 1031 πάνυ
2324 963 2632 1032 πιθανόν

469 1095 620 1137 τινα
645 1067 1227 1156 συνταγματάρχην
1252 1060 1460 1134 αῦτοῦ
1474 1085 1489 1103 ·
1520 1066 1743 1154 ἕτερον
1767 1066 1838 1134 δὲ
1859 1066 2214 1154 τεράστιον
2238 1061 2628 1149 ἄνθρωπον,

468 1168 693 1258 τράγῳ
722 1169 807 1237 τά
844 1172 1083 1255 νέρθεν
1115 1166 1398 1251 ἐοικότα,
1429 1167 1723 1259 κομήτην
1744 1168 1827 1236 τὰ
1860 1172 2073 1256 σκέλη,
2100 1172 2346 1253 κέρατα
2377 1166 2628 1250 ἔχοντα,

467 1271 977 1360 βαθυπώγωνα,
1038 1263 1305 1358 ὀργίλον
1348 1273 1463 1339 καὶ
1505 1272 1827 1356 θυμικόν,
1878 1274 2145 1359 θατέρᾳ
2188 1267 2309 1353 μὲν
2355 1267 2632 1359 σύριγγα

473 1380 794 1464 φέροντα,
860 1377 944 1461 τῇ
1004 1373 1191 1462 δεξιᾷ
1249 1373 1321 1441 δὲ
1377 1373 1627 1464 ῥάβδον
1678 1373 2031 1462 καμπύλην
2090 1370 2463 1461 ἐπηρμένον
2517 1372 2631 1438 καὶ

470 1479 1004 1564 περισκιρτῶντα
1060 1468 1219 1543 ὅλον
1270 1474 1346 1543 τὸ
1404 1475 1896 1562 στρατόπεδον,
1952 1476 2064 1541 καὶ
2119 1473 2203 1540 τὰ
2260 1473 2499 1560 γύναια
2558 1473 2632 1542 δὲ

472 1583 847 1669 φοβεῖσθαι
893 1571 1113 1655 αυτὸν,
1099 1580 1246 1646 καὶ
1276 1583 1482 1646 σείειν
1511 1576 1937 1666 ἠνεμωμένας
1979 1576 2103 1655 τὰς
2143 1575 2373 1661 κόμας,
2421 1572 2633 1645 ὁπότε

469 1688 775 1770 προσίοι,
820 1683 932 1748 καὶ
975 1683 1145 1767 βοᾶν
1189 1674 1357 1747 εῦοῖ·
1416 1684 1613 1747 τοῦτο
1660 1674 1724 1746 δ’
1776 1677 2055 1759 εἰκάζειν
2098 1682 2464 1748 καλεῖσθαι
2506 1672 2627 1746 αὖ·
2650 1693 2709 1744 77

468 1788 603 1852 τῶν
645 1783 764 1852 τὸν
809 1783 1161 1871 δεσπότην.
1243 1781 1368 1860 τὰς
1413 1775 1476 1848 δ’
1527 1806 1644 1849 ουν
1688 1788 1987 1866 ποίμνας
2032 1780 2463 1870 διηρπάσθαι
2509 1777 2632 1870 ἤδη

472 1881 606 1953 ὖπὸ
667 1888 802 1952 τῶν
857 1888 1182 1973 γυναικῶν
1236 1886 1348 1952 καὶ
1394 1884 1821 1952 διεσπάσθαι
1878 1883 1980 1952 ετι
2032 1882 2246 1964 ζῶντα
2287 1883 2372 1951 τὰ
2416 1888 2635 1972 θρέμ-

402 1998 441 2054 8
474 2003 688 2072 ματα·
748 1980 1153 2074 ὠμοφάγους
1205 1985 1331 2071 γάρ
1386 2011 1574 2065 τινας
1634 1980 1838 2064 αὐτὰς
1896 1983 2091 2054 εἶναι.
2180 1990 2239 2052 3.
2298 1989 2510 2053 ταῦτα
2568 1986 2634 2054 οἱ

461 2082 661 2157 Ἰνδοὶ
702 2092 815 2155 καὶ
860 2084 895 2156 ὁ
939 2085 1256 2174 βασιλεὺς
1301 2081 1519 2155 αῦτιῦν
1564 2083 1915 2167 ἀκούοντες
1960 2088 2232 2174 ἐγέλων,
2283 2083 2376 2166 ὦς
2416 2085 2493 2154 τὸ
2543 2086 2633 2154 εἰ·

471 2190 605 2276 κός,
648 2193 758 2259 καὶ
792 2184 938 2257 οὐδ’
993 2189 1463 2276 ἀντεπεξάγειν
1495 2178 1538 2276 ἢ
1569 2184 2136 2278 παρατάττεσθαι
2178 2184 2425 2278 ἠξίουν,
2475 2184 2624 2256 ἀλλ’

473 2296 668 2381 ε’ίπερ
727 2289 887 2378 ἄρα,
945 2292 1067 2371 τὰς
1120 2307 1431 2379 γυναῖκας
1485 2288 1866 2381 ἐπαφήσειν
1923 2287 2178 2376 αὐτοῖς,
2238 2293 2299 2361 εἰ
2342 2294 2632 2382 πλησίον

471 2401 789 2483 γένοιντο,
841 2400 1041 2482 σφίσι
1085 2395 1159 2462 δὲ
1200 2397 1312 2462 καὶ
1357 2397 1544 2461 νικᾶν
1589 2393 1866 2481 αἰσχρὸν
1911 2393 2126 2464 ἐδόκει
2167 2397 2276 2462 καὶ
2325 2395 2632 2485 φονεύειν

469 2496 710 2584 γύναια
773 2494 1112 2615 μεμηνότα
1177 2497 1289 2563 καὶ
1332 2498 1780 2619 θηλυμίτρην
1849 2493 2135 2585 ἄρχοντα
2199 2501 2312 2565 καὶ
2372 2497 2632 2583 μεθύον

472 2596 751 2684 σμικρὸν
791 2596 1131 2688 γερόντιον
1173 2600 1285 2666 καὶ
1314 2594 1854 2689 ἥμιστρατιώτην
1885 2595 2090 2667 αλλον
2133 2601 2246 2667 καὶ
2273 2599 2632 2688 γυμνήτας,

470 2694 830 2789 ορχηστάς,
888 2699 1152 2779 πάντας
1204 2702 1526 2787 γελοίους.
1618 2700 1769 2769 ἐπεὶ
1825 2701 1898 2768 δὲ
1944 2700 2218 2788 ἤγγελτο
2265 2702 2633 2785 πυρπολῶν

470 2829 505 2870 ο
553 2800 722 2880 θεὸς
767 2796 893 2890 ἤδη
923 2802 1044 2892 τὴν
1082 2795 1304 2888 χώραν
1335 2805 1448 2870 καὶ
1479 2801 1717 2881 πόλεις
1748 2797 2157 2890 αυτάνδρους
2200 2804 2637 2891 καταφλέγων

470 2906 580 2972 καὶ
629 2898 949 2971 ἀνάπτων
999 2901 1123 2982 τὰς
1164 2896 1326 2982 ύλας
1367 2906 1481 2971 καὶ
1528 2903 1597 2972 ἐν
1650 2911 1889 3027 βραχεῖ
1929 2908 2160 2972 πᾶσαν
2205 2903 2325 2995 τὴν
2360 2898 2635 2991 Ἰνδικὴν

472 3005 723 3095 φλογὸς
754 3004 1197 3093 ἐμπεπληκώς
1227 3043 1306 3054 —-
1339 2999 1554 3075 ὁπλον
1582 3007 1710 3095 γάρ
1739 3032 1849 3075 τοι
1875 3006 2327 3075 Διονυσιακὸν
2355 3004 2432 3074 τὸ
2476 3009 2635 3092 πῦρ,

472 3110 794 3193 πατρῷον
840 3106 1021 3193 αὐτῷ
1066 3105 1136 3172 ἐκ
1176 3110 1298 3174 τοῦ
1337 3112 1660 3195 κεραυνοῦ
1708 3145 1793 3157 -
1837 3103 2142 3176 ἐνταῦθα
2192 3105 2317 3198 ἤδη
2364 3108 2631 3197 σπουδῇ
2651 3120 2715 3171 78

475 3207 933 3293 ἀνελάμβανον
986 3205 1070 3273 τὰ
1125 3206 1308 3275 ὅπλα
1364 3213 1478 3278 καὶ
1543 3209 1701 3290 τοὺς
1768 3210 2137 3301 ἐλέφαντας
2196 3210 2637 3289 ἐπισάξαντες

472 3314 585 3379 καὶ
651 3308 1211 3396 ἐγχαλινώσαντες
1274 3313 1386 3379 καὶ
1448 3312 1605 3392 τοῦς
1677 3312 1970 3400 πύργους
2035 3307 2447 3398 ἀναθέμενοι
2514 3307 2629 3379 ἐπ’

474 3407 716 3492 αὐτοῦς
762 3405 1272 3502 ἀντεπεξῄεσαν,
1315 3418 1893 3502 καταφρονοῦντες
1924 3417 2046 3502 μὲν
2074 3419 2190 3484 καὶ
2232 3412 2405 3496 τότε,
2451 3408 2638 3501 ὄργι-

475 3515 737 3599 ζόμενοι
783 3506 942 3581 δὲ”
902 3539 1084 3599 ομως
1111 3516 1222 3582 καὶ
1271 3528 1637 3605 συντρῖψαι
1676 3517 2078 3597 σπεύδοντες
2125 3515 2308 3604 αὐτῷ
2353 3539 2639 3600 στρατο-

401 3631 442 3686 4
475 3618 664 3704 πέδῳ
693 3615 811 3684 τὸν
843 3609 1141 3702 ἀγένειον
1172 3615 1416 3685 ἐκεῖνον
1438 3620 1916 3709 στρατηλάτην.
1972 3627 2032 3686 4.
2058 3618 2212 3686 ἐπεὶ
2243 3619 2316 3686 δὲ
2341 3619 2637 3705 πλησίον

474 3717 772 3803 ἐγένοντο
830 3720 943 3785 καὶ
1000 3715 1179 3786 εἶδον
1238 3712 1588 3809 ἀλλήλους,
1648 3722 1714 3788 οἱ
1769 3723 1891 3805 μὲν
1934 3719 2131 3791 Ἰνδοὶ
2184 3720 2640 3807 προτάξαντες

470 3817 627 3897 τοὺς
671 3817 1041 3907 ἐλέφαντας
1099 3820 1349 3907 ἐπῆγον
1397 3820 1520 3909 τὴν
1579 3822 1915 3910 φάλαγγα,
1974 3819 2009 3891 ό
2057 3822 2394 3900 Διόνυσος
2439 3821 2513 3888 δὲ
2555 3819 2635 3888 τὸ

471 3926 680 4006 μέσον
722 3918 844 4004 μὲν
891 3915 1092 4000 αὐτὸς
1137 3918 1286 4004 εἶχε,
1333 3926 1454 3990 τοῦ
1495 3929 1700 4011 κέρως
1745 3924 1817 3991 δὲ
1863 3919 2044 4012 αὐτῷ
2085 3929 2205 3993 τοῦ
2250 3923 2470 4002 δεξιοῦ
2512 3922 2638 4008 μὲν

473 4017 509 4090 ὅ
557 4020 891 4109 Σειληνός,
935 4026 1054 4089 τοῦ
1097 4016 1432 4109 εῦωνύμου
1481 4024 1554 4093 δὲ
1599 4022 1635 4093 ὅ
1681 4024 1837 4093 Πὰν
1882 4022 2196 4116 ἡγοῦντο·
2244 4027 2515 4111 λοχαγοὶ
2562 4024 2638 4093 δὲ
