2867 4525
1153 305 1605 359 ΦΙΛΟΨΕΥΔΗΣ.
2374 306 2455 365 91

293 472 612 557 ἑωρῶμεν
651 467 854 541 αὐτὸν
887 472 1006 542 ἐπὶ
1037 474 1409 559 σκίμποδος
1453 470 1587 543 ὑπὸ
1636 478 1772 543 τῶν
1816 472 2206 561 ὁμοδούλων
2249 500 2459 559 προς-

292 575 762 662 κομιζόμενον,
808 565 968 643 ἕλον
1013 574 1337 666 ᾠδηκότα,
1383 577 1722 666 πελιδνόν,
1764 578 2095 663 μυδῶντα,
2139 575 2263 666 τὴν
2305 577 2459 645 ἐπι-

297 677 585 766 φάνειαν
630 671 854 765 ὅλίγον
900 678 1001 747 ἔτι
1033 677 1427 764 ἐμπνέοντα.
1503 681 1935 770 λελυπημένῳ
1980 680 2059 771 δὴ
2103 683 2201 767 τῷ
2246 683 2456 767 πατρὶ

292 783 433 847 τῶν
477 781 698 866 φίλων
740 805 845 859 τις
890 779 1147 868 παρών,
1198 781 1481 868 Θάρρει,
1536 781 1697 872 ἔφη,
1745 781 1870 869 ἐγώ
1917 781 2044 867 γάρ
2091 805 2201 850 σοι
2246 777 2460 867 ἄνδρα

290 876 728 968 Βαβυλώνιον
760 887 893 951 τῶν
923 884 1310 966 Χαλδαίων,
1358 876 1451 963 ὥς
1495 881 1722 972 φασιν,
1774 879 2008 952 αὐτίκα
2051 888 2336 969 μέτειμι,
2382 883 2459 963 ὃς

291 983 564 1052 ἰάσεται
592 985 711 1052 τὸν
755 980 1148 1071 ἄνθρωπον.
1218 988 1331 1053 καὶ
1375 987 1489 1053 ἵνα
1531 984 1621 1071 μὴ
1669 987 1994 1073 διατρίβω
2034 988 2259 1072 λέγων,
2303 979 2457 1073 ἧκεν

293 1081 329 1153 5
379 1085 815 1173 Βαβυλώνιος
868 1092 982 1156 καὶ
1038 1082 1361 1178 ἀνέστησε
1414 1087 1532 1157 τὸν
1574 1090 1814 1157 Μίδαν
1863 1088 2097 1177 ἐπῳδῇ
2139 1113 2275 1157 τινι
2319 1086 2458 1167 ἐξε-

293 1188 505 1267 λάσας
547 1188 664 1256 τὸν
724 1189 829 1256 ἰὸν
885 1189 957 1257 ἐκ
1008 1194 1129 1258 τοῦ
1173 1191 1518 1280 σώματος,
1577 1192 1679 1260 ἔτι
1728 1194 1844 1258 καὶ
1893 1190 2459 1280 προσαναρτήσας

292 1293 392 1377 τῷ
455 1291 624 1358 ποδὶ
686 1296 1088 1382 τεθνηκυίας
1153 1297 1505 1382 παρθένου
1566 1295 1768 1362 λίθον
1836 1288 1973 1361 ἀπὸ
2035 1297 2156 1381 τῆς
2213 1292 2458 1380 στήλης

291 1390 606 1479 ἐκκόψας.
693 1396 807 1462 καὶ
858 1398 1055 1462 τοῦτο
1108 1396 1231 1481 μὲν
1284 1396 1453 1475 ἰ’σως
1502 1403 1807 1482 μέτριον·
1859 1401 2082 1463 καίτοι
2136 1392 2172 1462 5
2221 1396 2459 1473 Μίδας

290 1490 495 1572 αὐτὸς
539 1489 872 1580 ἀράμενος
912 1496 1032 1564 τὸν
1076 1498 1451 1582 σκίμποδα,
1498 1495 1607 1586 ἐφ’
1660 1491 1739 1564 οὗ
1785 1496 2198 1582 ἐκεκόμιστο,
2248 1492 2455 1585 ᾤχετο

288 1594 361 1674 ἐς
402 1589 522 1663 τόν
580 1594 787 1684 ἀγρὸν
830 1594 1075 1667 ἀπιών.
1163 1604 1486 1667 τοσοῦτον
1537 1596 1577 1686 ἡ
1641 1598 1869 1687 ἐπῳδὴ
1919 1598 2211 1690 ἐδυνήθη
2256 1601 2368 1665 καὶ
2413 1595 2450 1667 5

286 1701 605 1788 στηλίτης
650 1699 896 1779 ἐκεῖνος
926 1702 1146 1780 λίθος.
1225 1707 1325 1769 12.
1360 1698 1396 1768 5
1432 1702 1506 1769 δὲ
1534 1704 1647 1769 καὶ
1678 1696 1848 1768 ἄλλα
1879 1699 2160 1789 ἐποίησε
2188 1702 2449 1769 θεσπέ-
2485 1717 2559 1773 12

286 1824 409 1869 σια
456 1798 547 1880 ὥς
591 1798 905 1890 άληθῶς·
950 1801 1018 1882 ἐς
1061 1803 1180 1871 τὸν
1211 1797 1413 1890 ἆγρόν
1447 1802 1575 1889 γὰρ
1621 1801 1843 1870 ἐλθὼν
1889 1802 2107 1871 ἕωθεν
2152 1803 2456 1872 ἐπειπὼν

288 1903 594 1990 ἱερατικά
641 1930 793 1971 τινα
825 1903 895 1971 ἐκ
922 1908 1162 1992 βίβλου
1201 1907 1506 1985 παλαιᾶς
1550 1900 1851 1991 ὀνόματα
1882 1901 2076 1987 ἑπτά,
2122 1913 2300 1994 θείῳ
2344 1910 2455 1975 καὶ

286 2007 449 2094 δᾳδὶ
492 2011 913 2093 καθαγνίσας
955 2005 1074 2074 τὸν
1117 2007 1334 2075 τόπον
1378 2006 1778 2127 περιελθων
1814 2006 1881 2086 ἐς
1925 2014 2089 2094 τρίς,
2143 2008 2455 2098 ἐξήλασεν

283 2104 420 2176 όσα
467 2104 544 2199 ἦν
573 2107 886 2194 ἑρπετὰ’
858 2108 1044 2189 εντὸς
1070 2113 1206 2177 τῶν
1236 2109 1432 2197 ορων.
1509 2104 1668 2199 ἧκον
1698 2135 1815 2177 ουν
1845 2132 2079 2192 ωσπερ
2110 2109 2456 2196 ἑλκόμενοι

282 2211 465 2299 πρὸς
507 2211 627 2302 τὴν
686 2210 957 2300 ἐπῳδὴν
1013 2207 1210 2301 όφεις
1255 2214 1500 2281 πολλοὶ
1543 2214 1656 2280 καὶ
1711 2205 1998 2291 ἀσπίδες
2039 2215 2151 2280 καὶ
2197 2211 2452 2296 ἔχιδναι

206 2337 268 2386 40
287 2317 403 2382 καὶ
434 2315 753 2401 κεράσται
781 2318 895 2384 καὶ
924 2310 1230 2383 ακοντίαι
1261 2318 1505 2403 φρῦνοί
1533 2341 1607 2383 τε
1639 2317 1752 2382 καὶ
1785 2314 2100 2404 φύσαλοι,
2146 2315 2451 2383 ἐλείπετο

286 2418 363 2484 δὲ
409 2416 506 2496 εἷς
551 2415 816 2504 δράκων
862 2416 1176 2499 παλαιὸς,
1222 2415 1357 2486 ὑπὸ
1404 2418 1641 2505 γήρως,
1688 2414 1906 2501 οἶμαι,
1954 2416 2315 2502 ἐξερπύσαι
2358 2417 2448 2503 μὴ

288 2519 655 2604 δυνάμενος
681 2509 729 2608 ἢ
750 2519 1185 2605 παρακούσας
1207 2524 1326 2586 τοῦ
1348 2520 1900 2607 προστάγματος·
1932 2516 1967 2587 5
1996 2520 2068 2586 δὲ
2093 2519 2306 2605 μάγος
2336 2513 2453 2586 οὐκ

288 2623 419 2711 ἔφη
477 2635 801 2710 παρεῖναι
860 2614 1196 2703 ἅπαντας,
1266 2615 1413 2687 ἀλλ’
1480 2621 1594 2689 ἕνα
1660 2620 1812 2688 τινὰ
1866 2625 2000 2688 τῶν
2052 2618 2279 2709 ὄφεων
2334 2621 2451 2688 τὸν

287 2725 622 2792 νεώτατον
659 2723 1135 2812 χειροτονήσας
1165 2721 1580 2811 πρεσβευτὴν
1615 2722 1920 2807 ἔπεμψεν
1965 2721 2082 2789 ἐπὶ
2128 2722 2246 2789 τὸν
2292 2722 2453 2808 δρά-

285 2854 510 2906 κοντα,
542 2830 654 2894 καὶ
687 2826 858 2910 μετὰ
877 2824 1115 2910 μικρὸν
1137 2818 1254 2910 ἧκε
1275 2821 1595 2903 κάκεῖνος.
1656 2824 1806 2892 ἐπεὶ
1831 2825 1904 2891 δὲ
1929 2825 2452 2912 συνηλίσθησαν,

289 2929 659 3018 ενεφύσησε
709 2928 831 3011 μὲν
890 2923 1059 2993 αυτὰ
1118 2922 1153 2992 5
1202 2926 1663 3011 Βαβυλώνιος,
1717 2953 1803 2992 τα
1862 2927 1935 2994 δὲ
1991 2920 2227 2994 αυτίκα
2269 2925 2454 3010 μάλα

286 3031 670 3119 κατεκαύθη
699 3022 969 3096 άπαντα
983 3025 1118 3096 ὖπό
1144 3032 1245 3115 τῷ
1265 3028 1632 3117 φυσήματι,
1662 3025 1856 3116 ἡμεῖς
1872 3029 1945 3096 δὲ
1961 3026 2452 3113 εθαυμάζομεν.

291 3142 392 3204 13.
442 3134 619 3200 Ειπέ
661 3158 800 3218 μοι,
849 3159 901 3198 ω
932 3127 1105 3213 Ἴων,
1154 3116 1235 3219 ἦν
1282 3125 1341 3198 δ
1396 3127 1541 3218 ἐγώ,
1587 3128 1623 3198 5
1671 3126 1834 3219 ὄφις
1876 3128 1911 3198 5
1959 3131 2373 3254 πρεσβευτὴς
2414 3126 2449 3197 5
2488 3139 2561 3197 18

289 3241 439 3314 νέος
484 3261 617 3321 αρα
645 3237 757 3301 καὶ
790 3232 1207 3361 εχειραγώῖει
1236 3233 1354 3302 τὸν
1386 3233 1715 3321 δράκοντα
1744 3229 1889 3322 ἤδη,
1936 3258 2028 3312 ως
2070 3235 2221 3324 φής,
2265 3258 2456 3320 γεγη-

288 3331 574 3423 ρακότα,
640 3327 684 3426 ἢ
739 3346 1041 3404 σκίπωνα
1098 3336 1261 3418 ε’χων
1328 3334 1574 3414 ἐκεῖνος
1626 3334 2123 3424 ἐπεστηρίζετος
2189 3334 2279 3401 Σὺ
2335 3335 2455 3418 μὲν

288 3441 580 3523 παίζεις,
626 3439 756 3528 ε’φη
802 3435 837 3507 5
871 3438 1279 3528 Κλεόδημος,
1328 3436 1454 3522 ἐγώ
1488 3439 1561 3506 δὲ
1605 3441 1719 3504 καὶ
1765 3434 1965 3516 αὐτὸς
2010 3431 2456 3521 ἀπιστότερος

290 3540 384 3610 ὤν
416 3567 539 3610 σου
570 3541 792 3609 πάλαι
820 3540 906 3608 τὰ
935 3544 1216 3608 τοιαῦτα
1239 3577 1320 3587 -
1345 3564 1534 3628 ῳμην
1562 3537 1689 3626 γὰρ
1722 3533 1943 3607 οὐδενὶ
1969 3538 2143 3625 λόγῳ
2176 3536 2456 3605 δυνατὸν

287 3651 650 3734 γίγνεσθαι
697 3670 778 3710 αν
825 3638 991 3710 αὐτὰ
1039 3645 1402 3711 πιστεῦσαι
1430 3679 1516 3690 -
1547 3641 1731 3724 ὅμως
1766 3633 1879 3707 ότε
1921 3639 1996 3707 τὸ
2047 3644 2316 3723 πρῶτον
2362 3636 2457 3707 εἶ-

293 3750 410 3816 δον
453 3747 831 3831 πετόμενον
874 3744 992 3810 τὸν
1038 3744 1221 3822 ξένον
1264 3742 1382 3810 τὸν
1422 3743 1766 3829 βάρβαρον
1796 3780 1880 3791 -—
1911 3735 1985 3820 εξ
2004 3738 2457 3828 Ὑπερβορέων

294 3852 366 3917 δὲ
409 3837 524 3940 ἦν,
586 3844 679 3927 ὦς
723 3846 1012 3935 ἔφασκεν
1055 3882 1139 3893 -·
1183 3839 1552 3912 ἐπίστευσα
1594 3847 1705 3911 καὶ
1753 3840 2068 3931 ἐνικήθην
2112 3838 2235 3911 ἐπὶ
2280 3845 2455 3910 πολὺ

294 3947 647 4034 ἀντισχών.
721 3955 791 4016 τί
817 3948 945 4036 γὰρ
990 3948 1127 4015 ἔδει
1155 3960 1381 4014 ποιεῖν
1415 3941 1616 4014 αὐτὸν
1650 3942 1909 4030 δρῶντα
1942 3946 2055 4013 διὰ
2099 3949 2216 4013 τοῦ
2263 3941 2458 4029 άέρος

293 4057 668 4147 φερόμενον
701 4047 947 4139 ἡμέρας
977 4045 1178 4137 οὔσης
1206 4051 1317 4115 καὶ
1350 4042 1466 4136 ἐφ’
1511 4047 1753 4126 ὕδατος
1779 4048 2140 4133 βαδίζοντα
2185 4049 2297 4113 καὶ
2344 4045 2456 4111 διὰ
