2867 4525
995 287 1319 342 ΠΑΤΡΙΔΟΣ
1355 286 1716 343 ΕΓΚΩΜΙΟΝ.
2339 295 2461 353 163

292 456 682 547 ἐνενήκοντα
740 457 957 526 ἔτεσιν
1010 458 1284 544 ἐβίωσε,
1344 459 1458 526 καὶ
1516 458 1691 545 πρὸς
1744 462 1844 548 τῷ
1896 463 2075 530 τέλει
2130 466 2249 530 τοῦ
2302 470 2460 549 βίου

292 560 574 640 διδάξας
611 559 733 647 τὴν
777 566 1077 650 Πυτίνην
1119 563 1232 630 καὶ
1277 560 1549 648 νικήσας
1590 555 1741 646 μετ’
1793 556 1870 630 οὗ
1915 562 2091 632 πολὺ
2128 561 2455 636 ἐτελεύτα.

289 665 404 731 καὶ
453 663 779 750 Φιλήμων
823 663 898 731 δὲ
941 658 978 731 ὃ
1025 661 1316 748 κωμικὸς
1358 659 1614 748 ὅμοίως
1656 667 1755 752 τῷ
1783 671 2099 754 Κρατίνῳ
2137 665 2312 735 ἑπτὰ
2343 671 2455 737 καὶ

289 763 681 853 ἐνενήκοντα
739 765 851 854 ἔτη
907 765 1103 851 βιοὺς
1157 769 1495 833 κατέκειτο
1551 766 1674 849 μὲν
1730 765 1849 835 ἐπὶ
1904 770 2129 857 κλίνης
2171 763 2454 856 ἠρεμῶν,

286 866 719 952 θεασάμενος
762 867 838 935 δὲ
881 862 1037 935 ὄνον
1065 866 1151 935 τὰ
1183 873 1778 954 παρεσκευασμένα
1810 866 1993 958 αὐτῷ
2024 874 2189 938 σῦκα
2217 895 2464 940 κατεσ-

285 974 537 1037 θίοντα
594 962 867 1058 ὥρμησε
921 970 1044 1054 μὲν
1102 968 1169 1048 ἐς
1220 973 1513 1056 γέλωτα,
1569 972 1855 1051 καλέσας
1911 972 1984 1040 δὲ
2034 971 2153 1039 τὸν
2196 974 2456 1064 οἰκέτην

284 1074 399 1140 καὶ
444 1071 564 1140 σὺν
623 1074 863 1159 πολλῷ
904 1073 1016 1139 καὶ
1062 1065 1304 1160 ἇθρόῳ
1347 1074 1589 1159 γέλωτι
1635 1071 1848 1140 εἰπὼν
1894 1075 2312 1164 προσδοῦναι
2355 1080 2454 1164 τῷ

283 1170 423 1262 ὄνῳ
480 1168 770 1259 ἀκράτου
828 1175 1063 1264 ῥοφεῖν
1122 1168 1533 1261 ἀποπνιγεὶς
1582 1169 1718 1243 ὗπό
1778 1178 1898 1243 τοῦ
1948 1177 2237 1263 γέλωτος
2282 1173 2455 1248 ‹3⁷:6-

282 1282 481 1345 θανε.
539 1279 653 1346 καὶ
677 1277 1082 1362 Ἐπίχαρμος
1126 1277 1197 1343 δὲ
1244 1271 1281 1344 o‘
1326 1278 1447 1366 τῆς
1483 1277 1840 1364 κωμῳδίας
1867 1280 2158 1369 ποιητὴς
2185 1284 2298 1351 καὶ
2333 1278 2458 1349 αὖ·

280 1379 402 1457 τὸς
458 1372 843 1469 ἐνενήκοντα
895 1382 1007 1447 καὶ
1060 1377 1235 1446 ἑπτὰ
1292 1379 1404 1468 ἔτη
1452 1381 1713 1466 λέγεται
1752 1383 2017 1464 βιῶναι.
2105 1387 2208 1450 26.
2245 1377 2443 1451 Ἀνα-
2477 1386 2555 1444 26

160 1487 496 1569 228κρέων
568 1482 643 1550 δὲ
698 1478 735 1549 o‘
793 1484 930 1550 τῶν
998 1483 1219 1565 μελῶν
1285 1480 1574 1571 ποιητὴς
1630 1480 1856 1569 ἔζησεν
1912 1482 2024 1570 ἔτη
2085 1489 2288 1552 πέντε
2337 1487 2452 1554 καὶ

280 1578 724 1674 ὀγδοήκοντα,
781 1585 895 1652 καὶ
938 1588 1344 1672 Στησίχορος
1396 1583 1471 1649 δὲ
1515 1580 1550 1649 ὅ
1596 1581 1969 1667 μελοποιὸς
2010 1578 2245 1652 ταῦτα’.
2332 1592 2451 1654 Σι-

278 1687 578 1774 μωνίδης
624 1686 696 1753 δὲ
741 1681 776 1753 ὅ
823 1691 1027 1764 Κεῖος
1067 1679 1240 1769 ὑπὲρ
1283 1681 1369 1750 τὰ
1415 1682 1826 1772 ἐνενήκοντα.
1917 1690 2018 1752 27.
2062 1712 2440 1774 γραμματι-
2475 1694 2547 1750 27

277 1792 413 1857 κῶν
473 1788 548 1856 δὲ
599 1781 1085 1876 Ἐρατοσθένης
1143 1786 1265 1870 μὲν
1322 1780 1358 1852 ὅ
1411 1778 1695 1872 Ἀγλαοῦ
1751 1793 2163 1877 Κυρηναῖος,
2234 1789 2315 1858 ὃν
2371 1785 2449 1858 οὗ

277 1885 487 1976 μόνον
537 1889 1026 1979 γραμματικόν,
1087 1883 1256 1956 ἀλλὰ
1311 1890 1425 1955 καὶ
1470 1887 1759 1977 ποιητὴν
1809 1885 1891 1956 ἄν
1943 1915 2049 1971 τις
2092 1884 2452 1977 ὀνομάσειε

276 1996 393 2062 καὶ
438 1992 821 2083 φιλόσοφον
862 1994 974 2060 καὶ
1017 1995 1429 2079 γεωμέτρην,
1478 1989 1596 2058 δύο
1641 1994 1755 2059 καὶ
1801 1985 2210 2079 ὀγδοήκοντα
2257 1988 2450 2075 οὗτος

279 2096 508 2185 ἔζησεν
553 2095 688 2183 ἔτη.
747 2099 849 2164 28.
894 2096 1007 2163 καὶ
1034 2097 1426 2181 Λυκοῦργος
1471 2093 1545 2161 δὲ
1574 2089 1611 2161 o‘
1644 2099 2021 2184 νομοθέτης
2048 2097 2184 2162 τῶν
2212 2103 2438 2163 Λακε-
2471 2103 2549 2161 28

280 2201 655 2285 δαιμονίων
721 2202 925 2267 πέντε
984 2200 1097 2266 καὶ
1163 2192 1569 2287 ὀγδοήκοντα
1627 2196 1738 2287 ἔτη
1800 2196 1995 2286 ζῆσαι
2055 2197 2441 2286 ἱστορεῖται.

453 2305 558 2368 29.
611 2299 988 2378 Τοσούτους
1052 2298 1466 2388 ἐδυνήθημεν
1518 2301 1842 2384 βασιλέας
1893 2302 2003 2368 καὶ
2060 2301 2437 2373 πεπαιδευ-
2470 2310 2551 2367 29

279 2409 524 2490 μένους
570 2395 936 2489 ἀθροῖσαι·
993 2400 1144 2470 ἐπεὶ
1190 2401 1263 2469 δὲ
1305 2396 1691 2490 ὑπεσχόμην
1734 2406 1847 2471 καὶ
1878 2399 2213 2497 Ῥωμαίων
2256 2402 2445 2482 τινὰς

276 2508 395 2603 καὶ
448 2508 584 2573 τῶν
639 2503 759 2592 τὴν
795 2502 1078 2571 Ἰταλίαν
1138 2502 1548 2593 οἰκησάντων
1603 2510 1987 2591 μακροβίων
2032 2498 2443 2593 ἀναγράψαι,

277 2608 559 2688 τούτους
615 2631 758 2688 σοι,
796 2609 1000 2674 ,θεῶν
1049 2607 1502 2691 βουλομένων,
1568 2604 1888 2686 ἱερώτατε
1930 2608 2312 2683 Κυίντιλλε,
2373 2606 2445 2672 ὲν

281 2706 468 2798 ἄλλῳ
514 2708 900 2799 δηλώσομεν
945 2703 1139 2794 λόγῳ.

162 3065 260 3116 ²²9
754 3063 1303 3146 ΠΑΤΡΙΔΟΣ
1356 3059 1972 3148 ΕΓΚΩΜΙΟΝ.

454 3227 510 3285 1.
539 3212 691 3287 Ὅτι
745 3219 866 3303 μὲν
904 3212 1128 3339 ὀὖδὲνῖ
1163 3216 1426 3303 γλύκιον
1470 3209 1548 3306 ἧς
1593 3216 1924 3300 πατρίδος
1969 3215 2227 3304 φθάνει
2269 3242 2438 3305 προ-

272 3321 795 3410 τεθρυλημένον.
883 3306 990 3408 ἆρ’
1050 3344 1167 3386 ουν
1221 3317 1413 3407 ηδιον
1467 3319 1592 3402 μὲν
1650 3310 1868 3399 οὐδέν,
1923 3318 2320 3404 σεμνότερον
2368 3233 2510 3385 δέ1

272 3449 343 3491 τι
386 3428 500 3493 καὶ
544 3420 898 3509 θειότερον
952 3416 1146 3504 αλλο,·
1197 3424 1307 3489 καὶ
1360 3418 1491 3508 μὴν
1534 3442 1664 3487 οσα
1709 3418 1917 3503 σεμνὰ
1962 3420 2073 3486 καὶ
2116 3423 2284 3486 θεῖα
2329 3444 2443 3485 νο-

272 3525 583 3612 μίζουσιν
642 3519 1039 3610 ανθρωποι,
1091 3521 1345 3589 τούτων
1401 3524 1652 3606 πατρὶς
1709 3520 1895 3589 αἰτία
1950 3521 2060 3587 καὶ
2121 3513 2443 3586 διδάσκα-

272 3629 425 3710 λος,
477 3635 926 3746 γεννησαμένη
982 3626 1095 3691 καὶ
1162 3618 1691 3711 ἀναθρεψαμένη
1732 3624 1856 3689 καὶ
1909 3620 2439 3709 παιδευσαμένη.

269 3729 543 3797 πόλεων
587 3728 708 3813 μὲν
756 3753 873 3795 ουν
915 3731 1168 3815 μεγέθη
1207 3727 1320 3793 καὶ
1353 3723 1830 3811 λαμπρότητας
1858 3725 1971 3790 καὶ
2000 3723 2439 3801 πολυτελείας

267 3853 696 3898 κατασκευων
753 3827 1182 3913 θαυμάζουσι
1241 3829 1518 3903 πολλοί,
1576 3825 1911 3911 πατρίδας
1971 3822 2043 3889 δὲ
2090 3828 2438 3911 στέργουσι

269 3933 554 4009 πάντες·
644 3934 757 3998 καὶ
814 3934 1136 3998 τοσοῦτον
1195 3923 1418 4008 οὐδεὶς
1475 3926 1869 4017 εξηπατήθη
1922 3951 2055 3993 των
2098 3928 2211 3994 καὶ
2256 3926 2441 3993 πάνυ

267 4037 775 4122 κεκρατημένων
832 4028 966 4099 ὑπὸ
1025 4035 1144 4118 τῆς
1200 4030 1368 4098 κατὰ
1426 4029 1547 4118 τὴν
1601 4035 1776 4097 θέαν
1829 4024 2102 4117 ἡδονῆς,
2164 4022 2256 4105 ὥς
2297 4022 2436 4095 ὖπό

2014 4131 2125 4184 11”ι
