2867 4525
962 254 1067 306 ΔΙΣ
1102 253 1719 308 ΚΑΤΗΓΟΡΟΥΜΕΝΟΣ
2392 254 2429 311 9

447 427 700 491 ΑΛΛ.
751 415 981 504 Έπου,
1026 429 1246 510 μιαρέ,
1293 422 1469 507 πρὸς
1511 422 1587 492 τὸ
1637 423 2082 512 δικαστήριον

447 529 701 592 ΑΛΛ.
768 523 890 614 Μὴ
939 522 1095 611 άγχε
1138 550 1242 609 με.

444 633 630 694 ΔΙΚ.
708 623 941 694 Οἶσθα
998 626 1035 695 ὃ
1082 627 1448 712 δράσομεν,
1505 654 1558 693 ω
1597 625 1828 717 Ἑρμῆς
1880 629 2003 708 τὰς
2058 628 2180 713 μὲν
2225 623 2433 706 άλλας

267 727 466 806 δίκας
523 727 590 807 ἐς
645 728 766 818 τὴν
812 726 1044 816 αύριον
1088 727 1670 816 ὑπερβαλώμεθα,
1726 731 2012 819 τήμερον
2068 730 2140 797 δὲ
2180 732 2434 818 κληρῶ-

263 855 393 915 μεν
436 828 561 910 τὰς
602 831 947 914 τοιαύτας,
1005 828 1266 900 ὁπόσαι
1317 837 1578 915 τέχναις
1619 821 1662 922 ἢ
1710 838 1890 918 βίοις
1940 824 1982 921 ἢ
2028 825 2432 920 ἐπιστήμαις

262 931 449 1018 πρὸς
492 929 741 1021 ἄνδρας
785 933 957 1002 εἰσὶν
1000 933 1505 1024 ἐπηγγελμέναι.
1584 941 1699 1002 καί
1741 960 1859 1019 μοι
1902 934 2151 1013 ταύτας
2188 934 2433 1013 ἀνάδος

264 1039 405 1102 τῶν
447 1040 747 1126 γραφῶν.

447 1142 658 1205 ΕΡΜ.
703 1143 919 1226 Μέθη
973 1136 1140 1206 κατά
1193 1142 1312 1225 τῆς
1348 1133 1757 1228 Ἀκαδημίας
1811 1136 1983 1227 ὑπὲρ
2028 1141 2431 1223 Πολέμωνος

260 1232 849 1326 ἀνδραποδισμοῦ.

444 1347 624 1408 ΔΙΚ.
663 1339 870 1410 Ἑπτὰ
914 1342 1278 1431 κλήρωσον.

442 1448 653 1511 ΕΡΜ.
711 1440 803 1512 Ἡ
849 1443 1029 1512 Στοὰ
1081 1443 1250 1512 κατὰ
1306 1447 1424 1530 τῆς
1463 1441 1738 1530 Ἡδονῆς
1796 1440 2090 1527 ἀδικίας,
2150 1441 2258 1515 ότι
2310 1446 2427 1514 τὸν

261 1545 557 1634 ἐραστὴν
604 1540 807 1635 αὐτῆς
851 1547 1214 1615 Διονύσιον
1261 1540 1784 1637 ἀπεβουκόλησε.

441 1654 627 1717 ΔΙΚ.
693 1655 913 1717 Πέντε
960 1650 1196 1717 ἱκανοί.

443 1756 654 1819 ΕΡΜ.
722 1754 896 1836 Περὶ
936 1749 1390 1840 Ἀριστίππου
1444 1750 1677 1840 Τρυφὴ
1725 1749 1899 1837 πρὸς
1937 1745 2227 1840 Ἀρετήν.

137 1869 239 1920 808
438 1859 628 1921 AIK.
694 1860 913 1921 Πέντε
954 1857 1066 1921 καὶ
1111 1853 1378 1931 τούτοις
1423 1853 1910 1921 δικασάτωσαν.

443 1961 654 2022 ΕΡΜ.
693 1950 1251 2043 Ἀργυραμοιβικὴ
1303 1957 1606 2041 δρασμοῦ
1647 1961 1975 2042 Διογένει.

441 2063 628 2125 ΔΙΚ.
705 2067 899 2144 Τρεῖς
945 2053 1328 2143 ἀποκλήρου
1372 2058 1636 2143 μόνους.

442 2165 651 2228 ΕΡΜ.
697 2160 1005 2249 Γραφικὴ
1046 2160 1215 2227 κατὰ
1260 2157 1625 2248 Πύρρωνος
1672 2161 2120 2240 λειποταξίου.

439 2270 624 2330 ΔΙΚ.
663 2256 885 2332 Ἐννέα
928 2256 1364 2350 κρινάτωσαν.

444 2374 542 2434 14.
588 2371 799 2435 ΕΡΜ.
847 2366 1089 2434 Βούλει
1130 2370 1242 2434 καὶ
1287 2368 1535 2446 ταύτας
1581 2361 2082 2456 ἀποκληρῶμεν,
2130 2353 2183 2431 ὦ
2227 2372 2419 2455 Δίκη,
2442 2381 2514 2435 14

258 2466 388 2547 τὰς
447 2468 595 2550 δύο,
653 2469 778 2547 τάς
834 2469 1069 2557 πρῴην
1126 2462 1661 2558 ἀπενηνεγμένας
1710 2467 1882 2536 κατὰ
1938 2473 2057 2537 τοῦ
2110 2468 2427 2557 ῥήτορος,·

436 2577 624 2639 ΔΙΚ.
678 2570 816 2650 Τὰς
858 2569 1163 2649 παλαιὰς
1213 2571 1548 2658 πρότερον
1594 2572 2039 2657 διανύσωμεν·
2109 2566 2307 2639 αὗται
2354 2572 2424 2639 δὲ

259 2671 333 2750 ἐς
374 2672 655 2757 ὕστερον
698 2672 1306 2762 ἐκδικαστήσονται.

437 2780 648 2843 ΕΡΜ.
695 2778 830 2842 Καὶ
874 2774 1005 2862 μὴν
1048 2773 1285 2857 ὅμοιαί
1326 2801 1401 2863 γε
1445 2779 1557 2845 καὶ
1604 2768 1802 2842 αὗται
1844 2777 1955 2842 καὶ
1998 2773 2077 2841 τὸ
2117 2775 2421 2863 ἔγκλημα,

260 2876 325 2944 εἰ
380 2878 494 2944 καὶ
551 2876 642 2966 μὴ
702 2877 1030 2959 παλαιόν,
1086 2872 1257 2945 ἀλλά
1305 2877 1786 2965 παραπλήσιον
1841 2890 1986 2955 τοῖς
2036 2903 2424 2963 προαποκε-

257 2980 742 3068 κληρωμένοις·
833 2972 1034 3099 ω’στε,Ξ
1051 2978 1119 3046 ἐν
1162 2979 1428 3059 τούτοις
1473 2981 1886 3067 δικασθῆναι
1930 2974 2140 3059 αξιον.

431 3087 622 3148 ΔΙΚ.
651 3075 933 3163 Ἔοικας,
979 3107 1034 3147 ω
1072 3077 1287 3170 Ἑρμῆ,
1326 3082 1737 3170 χαριζομένῳ
1779 3081 1899 3172 τὴν
1944 3083 2201 3172 δέησιν·
2248 3078 2423 3150 ἀπο·

257 3186 607 3272 κληρῶμεν
666 3183 738 3250 δὲ
791 3176 995 3268 όμως,
1055 3182 1116 3250 εἰ
1174 3184 1385 3264 δοκεῖ,
1445 3183 1621 3271 πλὴν
1674 3178 1845 3251 ἀλλὰ
1889 3184 2138 3264 ταύτας
2180 3185 2421 3270 μόνας·

262 3288 491 3354 ἱκαναὶ
533 3285 658 3373 γὰρ
711 3287 782 3353 αἱ
829 3279 1479 3374 ἀποκεκληρωμέναι.
1570 3284 1688 3365 δὸς
1729 3286 1851 3366 τάς
1893 3288 2177 3376 γραφάς.

435 3393 650 3455 ΕΡΜ.
685 3387 1022 3476 Ῥητορικὴ
1052 3382 1406 3467 κακώσεως
1446 3388 1619 3475 πρὸς
1647 3387 1767 3457 τὸν
1798 3389 2041 3475 Σύρον·
2088 3392 2422 3478 Διάλογος

257 3494 358 3577 τῷ
407 3490 590 3577 αὐτῷ
633 3483 905 3579 ῧβρεως.

436 3599 621 3660 ΔΙΚ.
655 3599 776 3672 Τίς
807 3593 880 3660 δὲ
911 3586 1107 3670 οὗτός
1130 3593 1342 3676 ἐστιν,·
1371 3587 1449 3660 ού·
1479 3592 1606 3679 γάρ
1638 3592 2077 3680 ἐγγέγραπται
2106 3591 2419 3680 τοῖνομα.

159 3705 246 3756 809
438 3699 651 3761 ΕΡΜ.
707 3688 938 3775 Οὕτως
983 3689 1400 3785 ἀποκλήρου,
1444 3699 1543 3782 τῷ
1586 3696 1818 3786 ῥήτορι
1861 3700 1956 3783 τῷ
2000 3697 2224 3785 Σύρῳ·
2291 3725 2419 3766 κω-

263 3796 409 3864 λύει
450 3797 576 3882 γάρ
622 3798 815 3865 οὐδὲν
856 3801 968 3865 καὶ
1017 3795 1172 3865 ἄνευ
1216 3800 1336 3864 τοῦ
1380 3792 1733 3880 ὀνόματος.

434 3904 622 3966 ΔΙΚ.
671 3894 875 3983 Ἰδού,
941 3903 1051 3968 καὶ
1110 3899 1232 3978 τάς
1285 3896 1688 3985 ὑπερορίους
1744 3895 1869 3990 ἤδη
1921 3894 2296 3990 Ἀθήνησιν
2353 3902 2419 3968 ἐν

258 3995 494 4088 Ἀρείῳ
567 4000 766 4089 πάγῳ
830 3996 1433 4090 ἀποκληρώσομεν,
1503 4000 1585 4080 ἃς
1655 3998 1826 4087 ὑπὲρ
1884 4002 2001 4070 τὸν
2059 3997 2419 4090 Εὐφράτην
