2867 4525
1100 272 1484 329 ΑΝΑΧΑΡΣΙΣ,
2307 277 2387 334 61

232 449 489 530 χειρῶν,
534 448 646 511 καὶ
690 446 903 510 ταῦτα
949 442 1018 508 ἐν
1064 436 1339 529 ἀφύκτῳ
1385 441 1709 526 ἓχόμενοι.
1791 447 1903 510 καὶ
1947 443 2078 531 μὴν
2121 447 2234 512 καὶ
2276 446 2393 515 τὸν

237 549 483 629 ἱδρῶτα
555 551 845 628 συνέχειν
911 546 1094 612 δοκεῖ
1145 540 1185 628 ἦ
1245 543 1430 623 κόνις
1485 543 1746 631 άθρόον
1805 546 2187 630 ἐκχεόμενον
2244 548 2396 616 ἐπι-

239 654 619 737 παττομένη
676 651 787 714 καὶ
841 646 956 714 ἐπὶ
1003 645 1181 713 πολὺ
1228 647 1523 733 διαρκεῖν
1567 663 1757 717 ποιεῖ
1798 648 1918 736 τὴν
1964 649 2243 732 δύναμιν
2285 652 2397 717 καὶ

241 752 511 835 κώλυμα
554 757 850 837 γίγνεται
892 748 982 839 μὴ
1026 748 1469 834 βλάπτεσθαι
1509 746 1643 818 ὑπὸ
1678 755 1810 818 τῶν
1842 747 2103 836 ἀνέμων
2136 751 2399 836 ἀραιοῖς

242 855 392 922 τότε
433 856 549 921 καὶ
599 847 928 940 ἀνεῳγόσι
969 864 1113 930 τοῖς
1157 854 1464 937 σώμασιν
1511 852 2008 938 ἐμπιπτόντων.
2082 850 2300 931 ἄλλως
2328 879 2401 921 τε

243 960 349 1023 καὶ
393 954 512 1023 τὸν
559 954 774 1042 ῥύπον
821 947 1103 1043 ἆποσμᾷ
1145 959 1256 1023 καὶ
1292 956 1772 1041 στιλπνότερον
1806 970 1998 1023 ποιεῖ
2024 956 2141 1023 τὸν
2174 953 2403 1042 ἄνδρα.

241 1062 351 1125 καὶ
418 1057 622 1145 ἔγωγε
686 1052 898 1143 ἡδέως
966 1047 1047 1123 ἂν
1112 1054 1724 1143 παραστησόμενος
1788 1061 2079 1148 πλησίον
2143 1063 2277 1126 τῶν
2333 1083 2407 1125 τε

243 1164 486 1228 λευκῶν
543 1186 699 1227 τινα
753 1159 1018 1227 ἐκείνων
1073 1162 1185 1226 καὶ
1230 1156 1363 1227 ὑπὸ
1414 1165 1571 1250 σκιᾷ
1630 1163 2116 1250 δεδιῃτημένων
2170 1164 2281 1228 καὶ
2327 1160 2407 1227 ὃν

245 1255 325 1330 ἂν
392 1262 506 1350 ἕλῃ
573 1265 710 1328 τῶν
775 1261 843 1328 ἐν
908 1265 1006 1347 τῷ
1061 1267 1337 1348 Λυκείῳ
1401 1263 1935 1349 γυμναζομένων,
2006 1258 2407 1341 ἀποπλύνας

245 1365 363 1452 τὴν
431 1364 620 1432 κόνιν
675 1363 795 1430 τὸν
846 1362 1085 1452 πηλόν,
1143 1356 1424 1453 ἐροίμην
1481 1359 1561 1431 ἄν
1610 1388 1686 1432 σε
1736 1366 2002 1453 ποτέρῳ
2049 1356 2129 1432 ἃν
2174 1358 2408 1450 ὅμοιος

247 1462 473 1545 εὔξαιο
517 1466 877 1552 γενέσθαι·
963 1462 1117 1533 οἶδα
1160 1463 1286 1551 γάρ
1332 1462 1426 1545 ῶς
1473 1461 1709 1535 αὐτίκα
1755 1467 1933 1535 ἕλοιο
1981 1458 2061 1534 ὃν
2107 1462 2178 1533 ἐκ
2222 1468 2409 1552 πρώ-

246 1593 365 1657 της
407 1567 842 1656 προσόψεως,
891 1569 952 1635 εἰ
994 1570 1104 1635 καὶ
1151 1567 1238 1655 μὴ
1273 1564 1392 1635 ἐπὶ
1423 1573 1555 1636 τῶν
1588 1569 2230 1656 ἕργωνπειραθείης
2261 1568 2411 1634 ἕκα-

248 1675 475 1757 τέρου,
537 1669 950 1758 συνεστηκώς
1003 1673 1115 1737 καὶ
1177 1676 1771 1758 συγκεκροτημένος
1829 1667 2004 1738 εἶναι
2058 1670 2311 1754 μᾶλλον
2369 1661 2412 1756 ἢ

250 1772 697 1858 θρύπτεσθαι
767 1775 881 1839 καὶ
938 1774 1232 1861 διαρρειν
1289 1775 1401 1839 καὶ
1462 1772 1691 1851 λευκὸς
1749 1768 1921 1840 εἶναι
1980 1766 2243 1860 ἀπορίᾳ
2300 1775 2414 1838 καὶ

249 1877 429 1963 φυγῇ
476 1898 543 1952 ες
586 1872 670 1940 τὰ
716 1875 877 1940 ε’ίσω
922 1878 1041 1940 τοῦ
1088 1874 1392 1958 αίματος.

425 1983 528 2045 30.
599 1970 792 2043 Ταῦτ’
858 1975 1070 2058 ἐστιν,
1126 1962 1179 2041 ῶ
1228 1970 1620 2062 Ἀνάχαρσι,
1676 2003 1721 2042 α
1774 1975 1932 2054 τοὺς
1986 1982 2172 2055 νέους
2214 1973 2408 2065 ημεῖς
2425 1989 2502 2045 80

253 2071 585 2162 ἀσκοῦμεν
653 2077 953 2162 οἰόμενοι
1020 2072 1320 2167 φύλακας
1383 2076 1543 2165 ἥμιν
1608 2083 1726 2167 τῆς
1791 2079 2057 2158 πόλεως
2110 2073 2415 2166 αγαθοὺς

252 2179 668 2269 γενήσεσθαι
710 2182 824 2247 καὶ
869 2178 938 2247 έν
984 2179 1339 2270 ἐλευθερίᾳ
1380 2181 1769 2268 βιώσεσθαι
1814 2175 1894 2249 δι’
1950 2175 2208 2264 αύτούς,
2253 2207 2414 2268 κρα-

249 2287 524 2362 τοῦντες
578 2285 702 2369 μὲν
755 2287 890 2351 τῶν
949 2284 1289 2369 δυσμενῶν
1349 2283 1410 2351 εἰ
1468 2283 1753 2367 ἐπίοιεν,
1808 2287 2091 2373 φοβεροὶ
2148 2284 2222 2350 δὲ
2272 2298 2414 2362 τοῖς

250 2392 631 2471 περιοίκοις
673 2410 888 2466 οντες,
944 2381 1036 2462 ῶς
1077 2381 1546 2476 ὑποπτήσσειν
1589 2411 1663 2452 τε
1707 2388 1821 2454 καὶ
1863 2383 2215 2454 ὑποτελεῖν
2257 2380 2415 2473 ἡμῖν

246 2515 410 2566 τους
465 2488 826 2565 πλείστους
880 2480 1120 2556 αὑτῶν.
1210 2488 1278 2556 ἐν
1324 2489 1547 2578 εἰρήνῃ
1593 2514 1667 2556 τε
1714 2516 1795 2554 av
1841 2488 2019 2556 πολὺ
2064 2482 2413 2572 αμείνοσιν

249 2584 486 2668 αὐτοῖς
536 2588 865 2675 χρώμεθα
921 2594 1079 2674 περὶ
1133 2591 1340 2678 μηδὲν
1398 2595 1531 2658 τῶν
1585 2591 1873 2677 αἰσχρῶν
1933 2592 2417 2678 φιλοτιμουμέ-

136 2715 227 2765 912
252 2717 401 2771 νοις
454 2686 608 2781 μηδ’
665 2686 776 2758 ὑπ’
838 2686 1073 2778 αργίας
1133 2692 1230 2769 εἰς
1274 2686 1464 2778 ύβριν
1508 2698 1982 2778 τρεπομένοις,
2041 2687 2211 2758 ἀλλὰ
2257 2696 2417 2777 περὶ

249 2793 340 2861 τὰ
408 2797 692 2860 τοιαῦτα
759 2795 1182 2915 διατρίβουσι
1244 2796 1397 2860 καὶ
1426 2788 1742 2876 ἀσχόλοις
1796 2816 1985 2861 ουσιν
2044 2818 2112 2860 εν
2167 2787 2415 2872 αὑτοῖς.

252 2899 369 2964 καὶ
426 2920 603 2982 οπερ
658 2894 827 2984 έφην
879 2894 957 2962 τὸ
1003 2894 1226 2962 κοινὸν
1270 2890 1536 2982 ἀγαθὸν
1579 2898 1694 2962 καὶ
1737 2893 1856 2982 τὴν
1903 2890 2109 2982 άκραν
2155 2895 2419 2973 πόλεως

253 2995 716 3082 εὐδαιμονίαν,
759 2992 931 3065 τοῦτ’
982 2996 1185 3074 ἔστιν,
1231 2991 1443 3065 ὁπότε
1490 2996 1558 3076 ἔς
1597 3022 1674 3064 τε
1717 2997 1980 3086 εἰρήνην
2021 3001 2137 3066 καὶ
2181 2997 2249 3077 ἐς
2293 2997 2421 3066 πό-

257 3103 465 3184 λεμον
537 3097 664 3184 [τὰ]
730 3094 977 3185 ἄριστα
1042 3105 1631 3189 παρεσκευασμένη
1701 3107 2018 3188 φαίνοιτο
2083 3095 2122 3189 ἦ
2191 3099 2422 3188 νεότης

253 3206 425 3287 περὶ
469 3200 555 3268 τὰ
601 3199 926 3269 κάλλιστα
968 3197 1127 3287 ἡμῖν
1174 3201 1682 3282 σπουδάζοντες.

432 3308 538 3370 31.
583 3307 897 3373 ΑΝΑΧ.
957 3300 1231 3385 Οὐκοῦν,
1278 3290 1331 3369 ῶ
1377 3299 1627 3383 Σόλων,
1672 3299 1753 3391 ἥν
1797 3329 1967 3371 ποτε
2009 3301 2164 3387 ὑμῖν
2209 3303 2421 3370 ἓπίω-
2438 3321 2508 3378 31

254 3429 372 3474 σιν
442 3406 512 3472 οἱ
568 3407 909 3489 πολέμιοι,
965 3405 1359 3491 χρισάμενοι
1415 3411 1514 3494 τῷ
1570 3405 1777 3492 ἐλαίῳ
1830 3408 1943 3472 καὶ
1997 3398 2423 3488 κονισάμενοι

256 3507 508 3595 πρόῖτε
563 3509 678 3574 καὶ
732 3504 925 3574 αὐτοὶ
984 3506 1123 3585 πὺξ
1164 3507 1287 3586 τὰς
1336 3522 1565 3594 χεῖρας
1609 3501 1711 3575 ἐπ’
1763 3500 2003 3584 αὖτοὺς
2046 3507 2424 3628 προβεβλη-

257 3614 491 3693 μένοι,
559 3603 852 3677 κακεῖνοι
919 3606 1169 3697 δηλαδὴ
1229 3605 1785 3731 ὑποπτήσσουσιν
1851 3605 2024 3693 ὑμᾶς
2094 3611 2205 3674 καὶ
2261 3607 2425 3696 φεύ-

256 3734 457 3797 γουσι
513 3709 808 3789 δεδιότες
860 3709 952 3799 μὴ
1013 3716 1214 3800 σφίσι
1263 3712 1568 3798 κεχηνόσι
1625 3706 1922 3799 πάττήτε
1975 3707 2096 3799 τὴν
2140 3709 2426 3795 ψάμμον

260 3813 332 3890 ἐς
398 3811 477 3880 τὸ
542 3813 762 3897 στόμα
818 3839 856 3898 η
917 3812 1529 3902 περιπηδήσαντες,
1596 3810 1690 3890 ὥς
1744 3810 1913 3880 κατὰ
1966 3810 2180 3880 νώτου
2237 3818 2427 3901 γένη-

266 3921 431 3997 σθε,
477 3914 928 4004 περιπλέξητε
973 3909 1202 3993 αὐτοῖς
1243 3914 1328 3980 τὰ
1377 3917 1569 4005 σκέλη
1616 3917 1774 3999 περὶ
1817 3912 1936 4002 τὴν
1979 3924 2271 4002 γαστέρα
2315 3919 2427 3983 καὶ

267 4012 582 4107 διάγχητε
635 4012 769 4085 ὑπὸ
829 4015 905 4083 τὸ
953 4017 1196 4104 κράνος
1236 4015 1695 4103 ὑποβαλόντες
1735 4015 1853 4085 τὸν
1899 4020 2132 4104 πῆχυν·
2191 4020 2302 4084 καὶ
2349 4016 2423 4104 νὴ
