2867 4525
483 294 567 353 86
1384 295 1669 348 ΑΟΥΚΙΑΝ
1672 294 1758 347 ΟΥ

483 460 736 532 ὅπόσοι
765 454 806 551 ἢ
836 466 1203 549 πολεμίους
1234 463 1660 555 ἐξηπάτησαν
1688 453 1729 554 ἢ
1752 462 1869 531 ἐπὶ
1896 468 2195 551 σωτηρίᾳ
2222 465 2320 548 τῷ
2349 460 2646 549 τοιούτῳ

486 566 818 655 φαρμάκῳ
842 566 1198 655 ἐχρήσαπο
1224 565 1291 634 ἐν
1314 581 1456 644 τοῖς
1478 566 1741 649 δεινοῖς,
1774 565 1887 632 οἶα
1908 561 2132 631 πολλὰ
2155 566 2266 630 καὶ
2282 558 2651 643 Ὀδυσσεὺς

486 667 707 736 ἐποίει
750 668 870 755 τήν
912 694 987 736 τε
1031 663 1236 736 αὗτοῦ
1264 668 1482 757 ψυχὴν
1515 663 1876 756 ἀρνύμενος
1907 669 2018 734 καὶ
2063 663 2180 733 τὸν
2224 666 2464 735 νόστον
2511 670 2652 733 τῶν

487 770 790 858 ἑταίρων.
879 765 1050 837 ἀλλὰ
1106 774 1263 857 περὶ
1324 770 1617 854 ἐκείνων,
1677 799 1729 838 ω
1779 768 2040 857 αριστε,
2104 772 2278 856 φημὶ
2331 773 2398 837 οἳ
2454 762 2657 836 αὗτοὶ

488 898 643 941 ανευ
697 876 817 963 τῆς
862 880 1091 960 χρείας
1139 873 1216 942 τὸ
1274 873 1528 996 ψεῦδος
1586 872 1717 960 πρὸ
1786 873 2043 939 πολλοῦ
2096 869 2235 962 [τῆς
2287 866 2729 960 ἆληθείας]3ο

485 980 799 1043 τίθενται
855 972 1170 1064 ἡδόμενοι
1223 979 1324 1063 τῷ
1379 975 1726 1062 πράγματι
1782 978 1892 1042 καὶ
1947 972 2478 1060 ἐνδιατρίβοντες
2538 970 2654 1041 ἐπ

489 1070 771 1166 ουδεμιᾷ
812 1077 1161 1166 προφάσει
1205 1071 1554 1167 ἀναγκαίᾳ.
1641 1072 1917 1155 τούτους
1969 1101 2086 1143 ουν
2133 1073 2350 1143 ἐθέλω
2396 1076 2662 1144 εἰδέναι

493 1184 677 1257 τίνος
721 1173 987 1265 ἇγαθοῦ
1031 1183 1228 1248 τοῦτο
1273 1184 1613 1248 ποιοῦσιν.

662 1287 722 1348 2.
774 1287 973 1349 ΦΙΛ.
1030 1267 1120 1349 Ἦ
1154 1307 1290 1348 που
1334 1282 1815 1372 κατανενόηκας
1866 1276 1997 1405 ἤδη
2047 1279 2237 1359 τινὰς
2279 1281 2656 1363 τοιούτους,

497 1381 663 1485 οἶς’
643 1382 938 1472 ε’μφυτος
981 1380 1016 1451 ὅ
1066 1383 1233 1471 έρως
1278 1378 1475 1463 οὗτός
1521 1383 1665 1452 ἐστι
1709 1382 1884 1470 πρὸς
1927 1382 2002 1451 τὸ
2050 1383 2341 1468 ψεῦδος,·

667 1493 874 1554 TYX.
947 1489 1088 1553 Καὶ
1130 1486 1315 1571 μάλα
1359 1488 1609 1554 πολλοί
1651 1486 1823 1554 εἰσιν
1868 1483 1978 1574 [οἱ]
2024 1487 2343 1553 τοιοῦτοι.

665 1594 867 1656 ΦΙΛ.
947 1596 1033 1657 Τί
1077 1590 1146 1656 δ’
1189 1615 1306 1656 ουν
1337 1577 1572 1656 αλλο
1533 1614 1572 1677 η
1619 1613 1854 1655 ανοιαν
1877 1585 2000 1675 χρὴ
2050 1586 2274 1655 αἰτίαν
2304 1583 2481 1654 εἶναι
2527 1580 2653 1654 αύ-

488 1704 632 1769 τοῖς
678 1690 893 1778 φάναι.
935 1695 1055 1759 τοῦ
1096 1718 1184 1778 μη
1235 1686 1464 1782 ἀληθῆ
1508 1693 1736 1778 λέγειν,
1786 1690 1852 1757 εἰ’
1889 1715 1964 1777 γε
2005 1686 2082 1756 τὸ
2109 1694 2449 1775 χείριστον
2495 1682 2654 1756 άντὶ

491 1796 611 1860 τοῦ
651 1795 1000 1878 βελτίστου
1045 1798 1565 1882 προαιροῦνται,·

669 1902 876 1963 ΤΥΧ.
962 1894 1171 1965 Οὐδὲν
1216 1890 1370 1964 οῦδὲ
1413 1898 1644 1961 τοῦτο·
1699 1892 1851 1961 ἐπεὶ
1903 1891 2196 1972 πολλοὺς
2241 1883 2321 1960 ὃν
2366 1892 2493 1979 ἐγώ
2539 1917 2656 1961 σοι

493 1996 790 2081 δείξαιμι
836 1995 1146 2075 συνετοὺς
1189 1992 1402 2063 τᾶλλα
1446 1999 1559 2063 καὶ
1600 1994 1723 2084 τὴν
1757 1994 2021 2085 γνώμην
2050 1994 2492 2080 θαυμαστοὺς
2536 1990 2658 2064 οῦκ

494 2093 623 2167 οἶδ’
697 2091 887 2178 ὅπως
946 2098 1325 2178 ἑαλωκότας
1380 2098 1597 2185 τούτῳ
1652 2102 1750 2184 τῷ
1804 2101 1985 2185 κακῷ
2039 2098 2151 2163 καὶ
2209 2098 2657 2186 φιλοψευδεῖς

491 2195 719 2284 ὄντας,
780 2197 871 2282 ὥς
929 2196 1262 2271 ἀνιᾶσθαί
1315 2227 1431 2289 με,
1491 2200 1550 2268 εἰ
1605 2203 1906 2269 τοιοῦτοι
1964 2193 2198 2287 ἄνδρες
2255 2195 2523 2286 ἄριστοι
2568 2199 2655 2267 τὰ

491 2304 718 2372 πάντα
763 2303 944 2389 ὅμως
984 2311 1331 2391 χαίρουσιν
1376 2298 1619 2383 αύτούς
1660 2328 1734 2371 τε
1782 2305 1891 2370 καὶ
1941 2301 2099 2381 τοὺς
2142 2301 2658 2389 ἐντυγχάνοντας

494 2405 982 2486 ἐξαπατῶντες·
1042 2407 1329 2487 ἐκείνους
1384 2408 1505 2490 μὲν
1547 2405 1673 2494 γὰρ
1717 2403 1875 2484 τοὺς
1925 2402 2263 2483 παλαιοὺς
2304 2404 2441 2490 πρὸ
2493 2404 2658 2490 ἐμοῦ

495 2508 569 2574 σὲ
610 2508 732 2599 χρὴ
793 2509 1074 2592 εἰδέναι,
1128 2508 1245 2577 τὸν
1282 2505 1646 2597 Ἡρόδοτον
1701 2511 1813 2576 καὶ
1856 2513 2160 2595 Κτησίαν
2210 2505 2329 2574 τὸν
2370 2508 2658 2576 Κνίδιον

491 2613 603 2678 καὶ
663 2612 795 2698 πρὸ
854 2614 1109 2679 τούτων
1166 2612 1324 2691 τοὺς
1373 2609 1667 2700 ποιητὰς
1732 2612 1845 2676 καὶ
1908 2608 2025 2675 τὸν
2066 2601 2362 2699 (Όμηρον
2431 2603 2655 2693 αὐτόν,

496 2707 847 2798 άοιδίμους
891 2709 1155 2801 ἄνδρας,
1203 2713 1511 2802 ἐγγράφῳ
1552 2716 1646 2799 τῷ
1676 2711 2019 2799 ψεύσματι
2062 2716 2512 2799 κεχρημένους,
2560 2708 2654 2791 ὥς
2672 2733 2729 2782 31

491 2816 583 2905 μὴ
627 2815 832 2899 μόνον
877 2815 1218 2895 ἐξαπατᾶν
1261 2815 1418 2894 τοὺς
1462 2814 1616 2883 τότε
1648 2808 2008 2891 άκούοντας
2040 2807 2278 2896 αὐτῶν,
2327 2807 2498 2879 ἀλλὰ
2542 2817 2658 2882 καὶ

491 2922 684 3004 μέχρι
726 2913 913 3003 ἡμῶν
959 2919 1369 2986 διικνεῖσθαι
1412 2915 1488 2983 τὸ
1535 2916 1791 3003 ψεύδος
1837 2913 1905 2980 ἐκ
1951 2914 2267 3002 διαδοχῆς
2311 2913 2381 2981 ἐν
2423 2917 2657 2983 καλλί-

494 3042 682 3095 στοις
711 3018 908 3086 ἕπεσι
935 3023 1047 3086 καὶ
1077 3024 1347 3103 μέτροις
1379 3015 1901 3106 φυλαττόμενον.
1961 3015 2111 3102 ἐμοὶ
2140 3020 2296 3104 γοῦν
2326 3018 2659 3097 πολλάκις

495 3119 846 3186 αἰδεῖσθαι
900 3117 1071 3207 ὑπὲρ
1131 3119 1346 3187 αὐτῶν
1405 3119 1668 3187 ἔπεισιν
1681 3171 1699 3200 ,
1758 3114 2022 3186 ὁπόταν
2089 3112 2394 3207 Οὗρανοῦ
2444 3120 2657 3210 τομὴν

490 3223 603 3288 καὶ
632 3226 1063 3310 Προμηθέως
1109 3221 1322 3308 δεσμὰ
1356 3223 1713 3309 διηγῶνται
1754 3223 1864 3287 καὶ
1898 3220 2238 3309 Γιγάντων
2271 3220 2659 3290 ἐπανάστα-

495 3346 604 3391 σιν
647 3326 760 3391 καὶ
804 3322 924 3414 τὴν
969 3316 1289 3392 ἐνἍιδου
1325 3328 1555 3392 πᾶσαν
1584 3324 1981 3410 τραγῳδίαν,
2027 3326 2140 3391 καὶ
2171 3319 2264 3403 ὥς
2295 3318 2384 3392 δι’
2438 3325 2658 3413 ἔρωτα

492 3421 529 3492 ὁ
577 3424 749 3505 Ζεῦς
790 3430 1032 3512 ταῦρος
1089 3417 1132 3515 ἢ
1188 3427 1416 3506 κύκνος
1475 3427 1727 3514 ἐγένετο
1779 3428 1893 3493 καὶ
1944 3422 2035 3504 ὥς
2081 3424 2150 3492 ἐκ
2200 3427 2509 3512 γυναικός
2553 3452 2661 3506 τις

493 3527 594 3607 εἰς
637 3522 867 3614 ὄρνεον
911 3520 953 3615 ἢ
999 3528 1096 3607 εἰς
1141 3525 1380 3618 ἄρκτον
1424 3536 1819 3616 μετέπεσεν,
1879 3529 1979 3597 ἔτι
2025 3529 2097 3595 δὲ
2140 3528 2501 3617 Πηγάσους
2545 3533 2660 3599 καὶ

498 3637 847 3719 Χιμαίρας
888 3634 1001 3698 καὶ
1048 3632 1383 3719 Γοργόνας
1433 3636 1545 3701 καὶ
1589 3633 1969 3708 Κύκλωπας
2023 3634 2136 3699 καὶ
2179 3631 2311 3699 ὅσα
2353 3637 2655 3715 τοιαῦτα,

499 3731 677 3799 πάνυ
718 3729 1048 3801 ἀλλόκοτα
1075 3737 1185 3801 καὶ
1216 3734 1536 3821 τεράστια
1565 3736 1857 3819 μυθίδια
1888 3733 2155 3801 παίδων
2185 3734 2408 3820 ψυχὰς
2435 3738 2658 3824 κηλεῖν

423 3842 466 3898 3
502 3834 834 3919 δυνάμενα
867 3836 965 3903 ἔτι
993 3836 1111 3926 τὴν
1132 3836 1400 3922 Μορμὼ
1432 3840 1547 3905 καὶ
1575 3835 1694 3925 τὴν
1716 3836 2003 3921 Λάμιαν
2028 3835 2366 3904 δεδιότων.
2428 3842 2487 3904 3.
2509 3844 2657 3904 καί·

495 3961 603 4002 τοι
647 3934 730 4001 τὰ
784 3937 904 4023 μὲν
949 3943 1080 4006 τῶν
1125 3942 1426 4028 ποιητῶν
1473 3939 1640 4017 ἴσως
1691 3943 1960 4024 μέτρια,
2013 3938 2090 4005 τὸ
2146 3939 2219 4005 δὲ
2260 3941 2374 4005 καὶ
2417 3937 2659 4017 πόλεις

496 4031 619 4126 ἤδη
651 4041 762 4106 καὶ
793 4038 960 4129 ἔθνη
1008 4040 1229 4109 πολλὰ
1259 4044 1450 4129 κοινῇ
1479 4043 1589 4106 καὶ
1628 4040 1921 4129 δημοσίᾳ
1949 4039 2339 4128 ψεύδεσθαι
2381 4043 2536 4118 πῶς
2580 4038 2658 4108 οὗ
