2867 4525
447 290 571 349 140
1344 286 1721 343 ΔΟΥΚΙΑΝΟΥ

337 469 409 527 18
444 459 702 539 ε’δοξαν.
782 465 879 528 13
925 458 1002 526 τό
1047 482 1123 525 τε
1154 453 1555 537 ἀξιόπιστον
1585 460 1702 545 τῆς
1743 459 2063 547 διαβολῆς
2093 451 2209 541 οῦχ
2253 454 2347 537 ὥς
2391 459 2619 543 ἔτυχεν

443 562 860 643 ἐπινοοῦσιν,
929 553 1080 626 ἀλλ’
1153 557 1220 626 ἐν
1285 559 1505 647 τούτῳ
1560 557 1637 627 τὸ
1698 563 1839 628 πᾶν
1898 556 2128 639 αὐτοῖς
2183 558 2365 629 ἐστιν
2424 560 2618 647 ἔργον

442 663 781 732 δεδοικόσι
822 687 893 730 τι
922 660 1289 746 προσάψαι
1319 651 1673 749 &meumst
1631 688 1669 751 η
1710 664 1823 730 καὶ
1871 659 2247 747 ἀλλότριον.
2322 657 2416 741 ὥς
2457 666 2620 749 γοῦν

445 763 561 833 ἐπὶ
607 764 780 833 πολὺ
825 764 912 831 τὰ
957 764 1304 849 προσόντα
1345 766 1444 849 τῷ
1498 764 2004 851 διαβαλλομένῳ
2055 762 2232 848 πρὸς
2270 763 2350 831 τὸ
2394 776 2620 850 χεῖρον

441 866 969 949 μεταβάλλοντες
1014 860 1132 933 οῦκ
1176 859 1566 944 ἀπιθάνους
1626 869 1985 935 ποιοῦνται
2027 865 2153 943 τὰς
2192 871 2618 953 κατηγορίας,

445 969 585 1033 εἷεν
617 967 733 1036 τὸν
776 967 898 1052 μὲν
929 965 1160 1056 ἰατρὸν
1191 966 1671 1052 διαβάλλουσιν
1701 963 1792 1046 ὦς
1831 971 2207 1055 φαρμακέα,
2254 965 2373 1035 τὸν
2403 960 2621 1034 πλού-

445 1095 593 1137 σεε-εκ
638 1070 709 1137 δὲ
765 1066 856 1149 ὥς
898 1068 1248 1155 τύραννον,
1306 1066 1426 1135 τὸν
1468 1068 1858 1154 τυραννικὸν
1916 1068 1990 1135 δὲ
2032 1065 2124 1147 ὥς
2181 1067 2609 1153 προδοτικόν.
2638 1084 2735 1135 144

345 1185 413 1237 14
457 1181 550 1238 14ἦ
597 1173 811 1240 ἐνίοτε
853 1175 1084 1256 μέντοι
1124 1171 1235 1238 καὶ
1283 1164 1320 1236 6
1369 1163 1792 1256 ἀκροώμενος
1836 1163 2038 1248 αὐτὸς
2081 1165 2455 1255 ὑποβάλλει
2497 1172 2618 1257 τῆς

445 1275 761 1363 διαβολῆς
818 1270 942 1351 τὰς
997 1268 1342 1360 ἀφορμάς,
1398 1273 1512 1338 καὶ
1557 1270 1733 1358 πρὸς
1774 1271 1893 1340 τὸν
1949 1270 2200 1339 ἐκείνου
2243 1272 2503 1357 τρόπον
2547 1272 2619 1339 οἱ

441 1377 801 1465 κικκεήθεις
857 1368 1048 1441 αὐτοὶ
1109 1368 1555 1460 ἁρμοζόμενοι
1618 1366 2066 1457 εὐστοχοῦσιν.
2168 1363 2249 1462 ἢν
2302 1374 2426 1460 μὲν
2487 1372 2618 1462 γὰρ

445 1477 815 1565 ζηλότυπον
861 1468 1064 1544 αὐτὸν
1111 1470 1275 1543 ὄντα
1317 1475 1547 1558 ἰ’δωσι,
1601 1480 1941 1557 Διένευσε,
1989 1481 2185 1564 φασί,
2228 1478 2313 1565 τῇ
2355 1482 2620 1562 γυναικί

445 1601 561 1645 ῡευ
609 1581 800 1662 παρὰ
842 1575 920 1644 τὸ
972 1577 1246 1646 δεῖπνον
1289 1580 1400 1645 καὶ
1450 1576 1716 1645 ἀπιδών
1757 1574 1826 1655 ἐς
1870 1571 2080 1664 αὐτὴν
2127 1575 2456 1659 ἐστέναξε,
2499 1578 2615 1645 καὶ

441 1677 473 1765 εξ.
513 1684 914 1767 Στρατονίκη
961 1677 1138 1764 πρὸς
1183 1671 1386 1747 αῦτὸν
1431 1674 1510 1745 ού
1539 1680 1723 1764 μάλα
1769 1673 2023 1769 ἀηδῶς·
2069 1682 2182 1748 καὶ
2227 1670 2402 1758 ὅλως
2446 1677 2617 1764 ἐρω-

441 1789 621 1849 κεκεεὲ
663 1805 839 1860 τινες
880 1782 994 1849 καὶ
1046 1782 1347 1866 μοιχικαὶ
1391 1778 1568 1865 πρὸς
1614 1780 1815 1849 αὐτὸν
1872 1781 1943 1848 αἱ
1989 1781 2327 1866 διαβολαί.
2413 1770 2495 1867 ἢν
2540 1780 2617 1849 δὲ

441 1880 793 1969 πεεητικός
833 1868 878 1971 ᾖ
921 1884 1034 1951 καὶ
1066 1882 1183 1951 ἐπὶ
1227 1881 1445 1969 τούτῳ
1486 1886 1657 1970 μέγα
1689 1886 1926 1971 φρονῇ,
1980 1882 2102 1951 Μὰ
2132 1877 2249 1952 Δί’
2303 1882 2619 1967 ἐχλεύασέ

445 2009 561 2049 σεε
597 1982 960 2063 Φιλόξενος
1001 1982 1086 2051 τὰ
1133 1984 1263 2073 ἔπη
1309 1985 1422 2051 καὶ
1456 1984 1722 2069 διέσυρε
1749 1987 1861 2052 καὶ
1902 1980 2161 2072 ἄμετρα
2205 1980 2397 2052 εἶπεν
2441 1980 2614 2052 αὐτὰ

441 2089 549 2153 καὶ
597 2084 1076 2154 κακοσύνθετα.
1166 2085 1342 2171 πρὸς
1397 2086 1473 2153 δὲ
1526 2085 1644 2156 τὸν
1691 2083 1930 2177 εὐσεβῆ
1980 2089 2096 2155 καὶ
2141 2086 2476 2174 φιλόθεον
2521 2082 2617 2165 ὦς

441 2185 651 2265 ἕέθεες
695 2187 808 2254 καὶ
855 2181 1129 2267 ἀνόσιος
1173 2183 1210 2255 6
1259 2189 1463 2275 φίλος
1515 2188 1953 2275 διαβάλλεται
2000 2189 2112 2256 καὶ
2159 2185 2251 2268 ὥς
2294 2187 2370 2256 τὸ
2416 2194 2614 2257 θεῖον

445 2288 962 2377 εκεερῳδούμενος
989 2292 1101 2357 καὶ
1132 2289 1253 2376 τὴν
1281 2291 1616 2376 πρόνοιαν
1655 2285 2090 2379 ἀρνούμενος·
2137 2287 2173 2359 6
2223 2291 2296 2358 δὲ
2328 2285 2618 2369 ἀκούσας
2642 2304 2734 2355 145

445 2389 649 2469 εὲνθὲς
712 2390 949 2475 μύωπι
1015 2389 1128 2458 διὰ
1193 2395 1316 2460 τοῦ
1372 2387 1549 2473 ὠτὸς
1603 2396 1843 2472 τυπεὶς
1897 2393 2324 2461 διακέκαυται
2389 2389 2485 2473 ὦς
2539 2392 2618 2461 τὸ

445 2493 621 2569 εἰκες
647 2494 760 2560 καὶ
792 2487 1272 2580 ἀπέστραπται
1299 2494 1419 2567 τὸν
1453 2497 1655 2583 φίλον
1686 2491 1763 2563 οῦ
1804 2501 2202 2582 περιμείνας
2230 2493 2349 2563 τὸν
2380 2489 2620 2583 ἀκριβῆ

341 2609 413 2662 Ιῇ
453 2597 728 2682 ἔλεγχον.
807 2602 905 2663 15.
950 2589 1125 2676 ὅλως
1152 2595 1280 2683 γὰρ
1309 2597 1396 2665 τὰ
1425 2601 1708 2667 τοιαῦτα
1744 2596 2094 2665 ἐπινοοῦσι
2136 2601 2249 2665 καὶ
2295 2600 2620 2685 λέγουσιν,

445 2698 481 2762 ἓέ
533 2698 827 2782 Ιμάλιστα
869 2696 1099 2766 ἰ’σασιν
1144 2698 1213 2778 ἐς
1256 2692 1460 2787 ὀργῆν
1508 2699 1843 2784 δυνάμενα
1887 2701 2455 2783 προκαλέσασθαι
2498 2699 2619 2767 τὸν

441 2798 880 2884 [ἐκέκ-πετόμενον,
925 2802 1038 2867 καὶ
1083 2799 1258 2867 ἔνθα
1300 2800 1557 2886 τρωτός
1601 2799 1783 2869 ἐστιν
1826 2799 2103 2880 ἕκαστος
2146 2795 2614 2887 ἐπιστάμενοι,

441 2902 489 2966 ἑ
489 2934 525 2966 -ε
605 2902 810 2970 ἐκεῖνο
851 2900 1199 2980 τοξεύουσι
1254 2903 1369 2969 καὶ
1423 2895 1880 2984 ἀκοντίζουσιν
1939 2901 2006 2981 ἐς
2053 2897 2218 2971 αῦτό
2232 2956 2251 2986 ,
2313 2928 2487 2972 ωστε
2528 2908 2617 2992 τῇ

441 3010 820 3170 Ξεικρεευτίκα
885 2997 1049 3090 ὀργῇ
1111 3012 1603 3088 τεταραγμένον
1666 3008 1900 3092 μηκέτι
1966 3004 2208 3094 σχολὴν
2278 3001 2463 3092 άγειν
2528 3009 2616 3094 τῇ

477 3106 737 3182 ἐξετάσει
779 3106 898 3189 τῆς
942 3097 1292 3190 ἀληθείας,
1340 3097 1513 3171 ἀλλὰ
1556 3130 1679 3172 καν
1721 3107 1895 3193 θέλῃ
1934 3130 2041 3185 τις
2086 3099 2610 3194 ἀπολογεῖσθαι,

441 3206 525 3290 με]
577 3209 1028 3290 προσίεσθαι,
1071 3208 1171 3292 τῷ
1213 3204 1585 3292 παραδόξῳ
1628 3209 1747 3328 τῆς
1793 3200 2183 3292 ἀκροάσεως
2227 3209 2322 3287 ὡς
2367 3203 2620 3298 ἀληθεῖ

337 3330 409 3382 1ss
445 3309 1121 3396 ετρεκατειλημμένον.
1228 3312 1326 3375 16.
1388 3303 1897 3393 ἀνυσιμώτατον
1940 3309 2070 3397 γὰρ
2128 3313 2204 3379 τὸ
2262 3308 2443 3390 εἶδος
2497 3314 2619 3399 τῆς

437 3413 754 3498 δεεηῗελῆς
817 3408 894 3478 τὸ
962 3405 1364 3478 ὑπεναντίον
1431 3413 1553 3497 τῆς
1607 3413 1728 3478 τοῦ
1794 3410 2155 3492 ἀκούοντος
2212 3412 2615 3499 ἐπιθυμίας,

433 3510 644 3582 ὁπότε
709 3514 821 3579 καὶ
889 3511 1079 3599 παρὰ
1141 3514 1554 3598 Πτολεμαίῳ
1619 3516 1718 3600 τῷ
1781 3513 2098 3602 Διονύσῳ
2165 3513 2609 3602 ἐπικληθέντι
2638 3535 2730 3586 146

441 3614 692 3702 ἐγένετό
738 3639 844 3694 τις
888 3614 965 3694 ὃς
1013 3614 1322 3700 διέβαλλε
1375 3612 1496 3682 τὸν
1540 3615 1980 3684 Πλατωνικὸν
2023 3615 2448 3705 Δημήτριον,
2508 3609 2617 3685 ὅτι

441 3718 617 3802 ἑ-’ὁωρ
662 3740 736 3783 τε
779 3722 966 3785 πίνει
1009 3718 1121 3784 καὶ
1163 3714 1371 3801 μόνος
1413 3720 1550 3783 τῶν
1596 3713 1815 3785 ἄλλων
1846 3732 2189 3805 γυναικεῖα
2235 3713 2352 3786 οῦκ
2397 3717 2617 3786 ἐνεδύ-

437 3842 601 3882 utrm
647 3815 716 3883 ἐν
745 3830 889 3895 τοῖς
916 3823 1339 3897 Διονυσίοις·
1385 3821 1501 3887 καὶ
1549 3819 1616 3887 εἴ
1637 3843 1713 3906 γε
1746 3818 1837 3906 μὴ
1870 3821 2148 3908 κληθεὶς
2194 3820 2412 3888 ἕωθεν
2458 3820 2615 3890 ἔπιέ

437 3946 505 3986 τε
553 3917 824 3983 πάντων
869 3914 1179 4001 ὁρώντων
1221 3923 1337 3988 καὶ
1389 3920 1615 4006 λαβὼν
1665 3922 2160 4007 ταραντινίδιον
2206 3922 2614 4008 ἐκυμβάλισε

437 4026 545 4086 καὶ
593 4016 1142 4107 προσωρχήσατο,
1191 4015 1538 4091 ἀπολώλει
1568 4012 1649 4090 ἀν
1693 4019 1787 4101 ὥς
1825 4017 1939 4105 οὐχ
1969 4018 2291 4111 ἡδόμενος
2332 4027 2432 4111 τῷ
2473 4030 2609 4112 βίῳ
2634 4038 2722 4089 147

2851 2697 2859 3108 1
