2867 4525
1025 305 1286 360 anlANJ
1319 305 1404 359 DE
1439 305 1641 361 DOMO.
2293 310 2416 368 251

247 499 306 543 ο.
378 484 434 539 ’1.
464 485 545 559 τῇ
587 481 639 545 δ.
676 475 843 559 ΙΙτῆς
884 527 900 543 .
949 479 1007 543 A
1050 512 1135 523 -
1177 471 1428 558 ἄφετον
1471 475 1497 563 ΙΙ
1537 472 1794 560 ἄφατον
1837 483 1895 547 A
1936 517 2022 529 —
2065 492 2417 566 πορφυρᾶν

462 578 488 664 Ι
524 578 877 662 πορφυρᾶν
921 582 979 646 Α
1023 615 1106 627 -
1147 579 1347 664 αὑτῆς
1380 578 1404 664 ΙΙ
1435 581 1637 664 αὕτῆς
1678 587 1736 647 Α

250 701 306 746 o.
375 690 435 746 9.
459 675 746 765 Ὀμήρου
777 679 803 765 Ι
836 728 851 744 .
895 707 1040 761 μει.
1083 686 1146 745 in
1181 704 1298 748 rae.
1327 680 1398 745 Ω
1428 718 1515 730 -
1544 683 1711 768 παρ’
1739 681 1901 752 ὅσον
1928 691 2067 765 μὲν
2099 684 2119 770 Ι
2154 706 2264 755 om.
2298 691 2417 765 μὲν

465 782 537 847 Ω
577 820 663 832 —-
707 787 920 851 ἐκεῖνα
954 785 974 868 ΙΙ
1009 787 1093 852 ἐκ.
1140 790 1260 864 μὲν
1303 783 1375 848 Ω
1414 821 1503 835 -
1544 792 1964 867 βλεπομένων
1995 787 2020 872 ΙΙ
2048 793 2312 868 βλέπων
2345 786 2415 853 Ω

468 891 887 970 δρεπομένων
930 890 988 954 A

247 1009 304 1052 ο.
336 995 433 1051 10.
463 985 626 1056 ὅλον
659 988 684 1072 ΙΙ
716 987 944 1069 ὀλίγον
987 986 1059 1051 Ω
1101 1024 1186 1037 -
1229 987 1461 1073 δράμοι
1493 987 1518 1074 ΙΙ
1551 996 1755 1074 δραμη
1797 994 1855 1058 A

247 1111 299 1158 ο.
335 1098 435 1154 11.
466 1088 632 1173 πρὸς
676 1087 900 1174 ἕτερον
930 1089 956 1175 fl
989 1116 1052 1157 π.
1100 1089 1185 1156 τὸ
1231 1095 1318 1155 sio
1359 1088 1431 1153 Ω
1475 1089 1698 1177 ἕτερον

247 1216 300 1262 ο.
336 1199 429 1261 12.
465 1190 853 1259 ἀποσπάσαι
885 1190 910 1277 ΙΙ
940 1245 955 1260 .
990 1201 1125 1259 σπᾶ
1152 1245 1167 1260 .
1195 1196 1254 1259 A
1283 1229 1365 1240 —
1389 1193 1962 1262 διολισθάνουσαν
1994 1193 2019 1279 ΙΙ
2053 1240 2069 1256 .
2092 1206 2183 1262 σθ
2203 1222 2239 1258 α
2259 1226 2275 1258 ιε
2303 1250 2313 1262 .
2343 1194 2411 1258 Ω

246 1318 305 1360 ο.
334 1303 433 1359 17.
464 1303 754 1362 καλλίων
787 1294 812 1379 fl
842 1303 1092 1361 καλλίω
1134 1298 1192 1362 A

247 1420 305 1462 ο.
336 1406 433 1462 19.
466 1396 777 1479 διδάξειεν
864 1397 1101 1479 διδάξει
1145 1401 1203 1465 A

250 1524 307 1566 o.
333 1508 438 1565 20.
466 1505 771 1580 μυθέεται
804 1501 828 1583 ΙΙ
857 1500 1211 1580 μυθεύεται
1251 1504 1310 1567 A

245 1625 298 1672 ο.
328 1609 426 1671 21.
463 1605 871 1669 ἐπαινέσαιτε
914 1604 938 1685 ΙΙ
982 1649 999 1667 .
1045 1622 1154 1687 ση.
1199 1605 1255 1668 A
1297 1637 1382 1650 -
1426 1600 1644 1667 αὐτοῦ
1736 1648 1752 1663 .
1796 1599 1915 1668 τὸν
1958 1604 2016 1668 A
2056 1637 2143 1648 -—
2187 1606 2410 1666 ,ιεί-ῑιτιΐῖεὶ4

462 1712 707 1786 ξαντος
795 1752 812 1768 .
855 1731 936 1772 τα
978 1709 1036 1773 A
1078 1742 1159 1752 —
1207 1703 1799 1780 διαπλασιάσαντος
1829 1702 1855 1789 fl
1885 1752 1901 1770 .
1943 1729 2034 1770 τα
2076 1707 2133 1771 A

245 1833 301 1875 ο.
325 1815 430 1874 23.
459 1805 772 1876 τεθνάναι
815 1807 839 1890 ΙΙ
881 1860 895 1876 .
956 1816 1093 1875 θνᾶ
1131 1813 1189 1873 A
1246 1843 1332 1855 —
1388 1804 1794 1889 παρελθόντε
1901 1803 2183 1873 λαθόντε
2227 1814 2279 1874 A
2331 1842 2399 1854 μ

461 1910 747 1979 λαθόντε
777 1909 802 1997 ΙΙ
835 1909 1239 1995 παρελθόντε
1280 1914 1338 1978 A

243 2038 302 2080 ο.
324 2022 428 2080 25.
460 2008 602 2082 ἅνω
648 2040 765 2093 τις
805 2013 1163 2097 α’ντίθυρος
1200 2011 1212 2097 Ι
1251 2059 1267 2075 .
1310 2021 1425 2097 τῆς
1467 2065 1482 2079 .
1534 2059 1549 2075 .
1593 2015 1652 2078 A
1734 2065 1739 2069 .

243 2139 302 2182 ο.
326 2124 429 2181 31.
460 2125 748 2199 γελῶντε
778 2114 803 2200 ΙΙ
833 2124 1156 2197 γελῶντες
1184 2117 1240 2180 A
1281 2149 1367 2162 -
1412 2115 1669 2197 ὁρῶντε
1699 2112 1725 2199 fl
1753 2165 1769 2180 .
1817 2138 1945 2192 τες
1972 2111 2034 2176 A
2076 2150 2159 2159 —
2203 2110 2407 2178 εἰδότε

458 2216 482 2302 Ι
518 2272 534 2287 .
584 2243 704 2298 τες
745 2220 804 2284 A

241 2343 299 2386 c.
327 2327 429 2386 32.
459 2330 840 2403 καταγνῶτε
870 2319 895 2405 fl
927 2368 943 2383 .
986 2322 1119 2387 νεῬ
1159 2323 1219 2386 A
1262 2356 1345 2367 —
1390 2323 1857 2403 ἐγκαταλίπητε
1888 2315 1913 2402 ΙΙ
1944 2370 1959 2386 .
2008 2343 2135 2385 ται
2179 2322 2235 2382 A

906 2675 1269 2745 LUCIANI
1310 2672 1750 2742 MACROBIL

1040 2814 1175 2876 Cod.
1226 2812 1385 2874 Gorl.
1431 2838 1519 2863 ==
1560 2812 1616 2875 A

241 2936 297 2978 o.
371 2922 425 2978 1.
460 2932 584 2981 συν
614 2914 638 3000 ΙΙ
671 2936 787 2978 om.
831 2912 886 2977 A

243 3039 297 3080 c.
366 3022 425 3082 2.
456 3016 576 3100 τὴν
631 3042 710 3099 γε
752 3016 777 3101 fl
822 3062 839 3080 .
890 3042 972 3083 τε
1013 3014 1069 3078 Α
1110 3051 1197 3063 --
1248 3017 1729 3098 ἱστορημένους
1769 3010 1794 3097 fl
1834 3016 2037 3091 μένου
2083 3010 2135 3075 Α
2195 3051 2279 3059 --
2339 3019 2403 3079 εἰ

456 3121 785 3202 ἐπιγνοίης
818 3117 841 3200 ΙΙ
871 3117 966 3202 ἢν
1012 3164 1029 3181 .
1075 3115 1128 3180 Α
1170 3154 1255 3166 -
1298 3111 1486 3183 οὗτοι
1531 3121 1609 3182 δὲ
1641 3113 1666 3200 ΙΙ
1699 3136 1813 3179 om.
1858 3119 1924 3180 δὲ
1966 3112 2022 3177 Α

364 3227 424 3285 3.
454 3225 696 3302 γενείων
728 3220 752 3303 ΙΙ
784 3228 993 3300 γενῶν
1036 3217 1092 3282 Α

362 3330 424 3385 4.
456 3320 786 3406 ἱστόρηται
819 3320 844 3406 ΙΙ
876 3327 1222 3405 ἱστορεῖται
1263 3318 1318 3383 A
1363 3356 1447 3367 —
1488 3322 1873 3404 Βραχμᾶνες
1901 3316 1927 3403 l}
1959 3318 2034 3382 Δ.
2077 3316 2131 3381 Α

366 3432 422 3489 5.
454 3430 678 3508 μέχρι
710 3422 735 3509 ΙΙ
767 3431 899 3491 καὶ
943 3446 1007 3507 μ.
1056 3424 1118 3489 A
1160 3459 1243 3471 —
1288 3420 1618 3506 ἱστόρηται
1648 3419 1673 3506 ΙΙ
1706 3426 2047 3505 ἱστορεῖται
2093 3419 2143 3483 Α

363 3534 423 3593 6.
453 3537 573 3611 γῆν
606 3526 631 3612 ΙΙ
663 3527 869 3611 αὐγὴν
910 3524 965 3589 A
1008 3561 1094 3574 —
1135 3534 1225 3610 τῇ
1267 3528 1503 3609 ἐπιτηδ.
1536 3523 1560 3609 ΙΙ
1591 3546 1716 3588 om.
1761 3533 1852 3607 τῇ
1893 3521 1949 3585 Α

366 3637 423 3693 ’1.
453 3629 620 3699 κατὰ
663 3655 742 3713 γε
784 3629 878 3697 τὰ
910 3628 935 3715 ΙΙ
963 3655 1021 3697 κ.
1068 3655 1157 3712 τε,
1202 3649 1316 3692 om.
1360 3626 1442 3695 τὰ
1486 3625 1539 3690 Α

236 3754 291 3797 e.
362 3739 421 3797 8.
449 3731 490 3799 ὑ
511 3738 649 3817 πὲρ
680 3731 772 3800 τὰ
805 3732 829 3817 ΙΙ
862 3754 986 3796 om.
1016 3730 1071 3795 A
1113 3767 1198 3779 -
1246 3728 1586 3816 ἱστόρηται
1619 3728 1643 3813 ΙΙ
1676 3734 2026 3813 ἱστορεῖται
2052 3730 2111 3793 A
2139 3767 2219 3775 w
2255 3755 2395 3811 τεῖρ’

450 3844 713 3915 κυίνιος
745 3833 770 3920 ΙΙ
802 3879 819 3897 .
864 3831 947 3900 κύ
994 3880 1009 3896 .
1054 3837 1112 3900 A

234 3961 288 4004 c.
360 3946 420 4003 9.
451 3936 654 4006 κατὰ
695 3934 777 4004 τὰ
822 3941 979 4004 ἐπιτ.
1031 3934 1054 4018 ΙΙ
1098 3941 1231 4001 καὶ
1260 3935 1322 4000 A
1363 3971 1451 3981 —
1493 3939 1601 3999 καὶ
1643 3930 1799 4011 τοὺς
1830 3931 1854 4015 ΙΙ
1886 3951 2014 3995 om.
2058 3939 2163 3998 καὶ
2211 3935 2267 3995 Α
2315 3967 2395 3979 -

449 4040 591 4107 τὸν
635 4066 700 4106 π.
742 4065 800 4121 γ.
834 4038 858 4125 ΙΙ
892 4060 1019 4105 om.
1062 4037 1205 4105 τὸν
1249 4040 1305 4103 A
1346 4073 1433 4085 —
1477 4044 1717 4120 γῆρας
1759 4034 1962 4116 α’φικ.
2002 4032 2026 4119 ΙΙ
2058 4055 2171 4099 om.
2219 4039 2271 4099 A

238 3241 296 3695 99999
