2867 4525
1039 281 1191 335 ΠΕΡΙ
1225 281 1608 338 ΠΑΡΑΣΙΤΟΥ.
2325 283 2403 340 41

229 450 474 534 μάχων
517 448 674 529 τοὺς
719 450 788 517 ἐν
822 454 908 540 τῇ
939 452 1161 539 εἱρκτῇ
1192 451 1591 539 κακούργους
1621 452 1939 521 ἐπιλῦσαι
1969 457 2065 540 τῷ
2096 454 2410 540 πολέμῳ,·

237 557 545 622 τοιοῦτοι
587 551 711 637 μὲν
756 551 825 620 ἐν
866 557 965 640 τῷ
1010 557 1287 640 πολέμῳ
1325 553 1501 641 πρὸς
1532 556 1818 645 ῥήτορας
1846 559 1953 624 καὶ
1990 554 2411 644 φιλοσόφους

126 667 219 718 875
240 655 417 723 εἰσὶν
465 655 530 722 οἱ
575 654 970 741 παράσιτοι.
1046 664 1148 724 51.
1197 655 1266 724 ἐν
1310 657 1535 746 εἰρήνῃ
1584 658 1656 747 δὲ
1698 657 2020 726 τοσοῦτόν
2064 683 2184 742 μοι
2230 657 2499 725 δοκεῑὸι

242 758 597 845 διαφέρειν
663 757 1077 846 παρασιτικὴ
1146 762 1565 849 φιλοσοφίας
1631 756 1791 829 ὅσον
1860 754 2024 850 αὐτὴ
2083 756 2120 846 ἡ
2189 758 2411 847 εἰρήνη

242 861 569 942 πολέμου.
658 863 773 927 καὶ
818 863 1088 945 πρῶτον
1101 912 1119 942 ,
1169 861 1228 928 εἰ
1275 862 1487 944 δοκεῖ,
1544 867 1900 947 σκοπῶμεν
1942 862 2027 929 τὰ
2074 866 2191 948 τῆς
2237 861 2415 948 εἰρή-

245 987 364 1050 νης
405 967 648 1049 χωρία.

429 1071 637 1131 ΤΥΧ.
695 1060 907 1131 Οὔπω
954 1064 1221 1153 ξυνίημι
1265 1060 1305 1133 ὅ
1348 1092 1416 1134 τι
1444 1066 1639 1134 τοῦτό
1673 1091 1823 1145 πως
1849 1066 2184 1152 βούλεται.
2262 1087 2417 1132 σκο-

249 1170 489 1252 πῶμεν
538 1166 612 1233 δὲ
652 1158 855 1252 ὅμως.

423 1272 647 1336 ΠΛΡ.
726 1262 982 1336 Οὔκουν
1048 1262 1300 1356 άγοράν
1365 1273 1474 1338 καὶ
1545 1270 1939 1360 δικαστήρια
1994 1273 2103 1337 καὶ
2163 1272 2418 1338 παλαί-

250 1394 460 1456 στρας
516 1373 629 1438 καὶ
685 1370 1022 1457 γυμνάσια
1078 1375 1189 1440 καὶ
1247 1382 1602 1460 κυνηγέσια
1660 1376 1773 1441 καὶ
1822 1372 2172 1458 συμπόσια
2216 1372 2419 1459 ἔγωγε

251 1479 468 1561 φαίην
514 1462 595 1539 ὃν
639 1473 906 1551 πόλεως
944 1481 1194 1561 χωρία,·

434 1582 643 1643 ΤΥΧ.
689 1575 883 1643 Πάνυ
926 1576 1048 1661 μὲν
1094 1566 1226 1644 οὖν.

431 1682 650 1744 ΠΛΡ.
693 1674 766 1746 Ὁ
808 1683 1033 1747 τοίνυν
1080 1677 1458 1765 παράσιτος
1504 1677 1602 1756 εἰς
1645 1671 1898 1767 ἆγοράν
1941 1677 2061 1762 μὲν
2091 1679 2199 1745 καὶ
2235 1677 2422 1745 δικα-

256 1778 502 1868 στήρια
549 1774 627 1847 οὗ
671 1780 1019 1871 πάρεισιν,
1066 1773 1205 1861 ὅτι,
1253 1775 1463 1864 οἶμαι,
1511 1793 1655 1858 τοῖς
1699 1780 2153 1868 συκοφάνταις
2198 1778 2424 1847 πάντα

255 1881 343 1947 τὰ
401 1889 619 1967 χωρία
673 1888 886 1951 ταῦτα
937 1884 1192 1970 μᾶλλον
1239 1879 1566 1968 προσήκει
1606 1885 1718 1950 καὶ
1762 1879 1872 1950 ὅτι
1916 1875 2106 1950 οὐδὲν
2149 1882 2423 1969 μέτριόν

262 1983 411 2051 ἐστι
467 1988 603 2052 τῶν
660 1985 728 2053 ἐν
783 1984 1049 2064 τούτοις
1103 1987 1502 2072 γινομένων,
1561 1981 1684 2062 τὰς
1728 1983 1801 2051 δὲ
1845 1985 2270 2069 παλαίστρας
2312 1988 2422 2053 καὶ

260 2085 347 2151 τὰ
405 2088 742 2172 γυμνάσια
797 2092 908 2155 καὶ
966 2087 1051 2155 τὰ
1111 2086 1462 2173 συμπόσια
1517 2085 1743 2153 διώκει
1787 2088 1900 2153 καὶ
1943 2099 2180 2170 κοσμεῖ
2220 2086 2426 2171 μόνος

266 2213 483 2267 ουτος.
548 2189 695 2258 επεὶ
743 2196 848 2269 τίς
894 2189 963 2257 ἐν
1009 2192 1398 2278 παλαίστρᾳ
1435 2177 1888 2278 φιλόσοφος
1846 2215 1885 2278 η
1919 2188 2137 2276 ῥήτωρ
2169 2186 2428 2269 ἀποδὺς

267 2286 459 2370 αξιος
504 2298 949 2416 συγκριθῆναι
991 2299 1374 2378 παρασίτου
1417 2294 1515 2379 τῷ
1561 2291 1858 2375 numan,-
1914 2317 1951 2377 η
2001 2297 2106 2369 τίς
2150 2289 2219 2358 ἐν
2260 2317 2425 2378 γυμ-

252 2398 469 2480 νασίῳ
533 2396 791 2464 τούτων
856 2390 1110 2484 ὀφθεὶς
1177 2389 1294 2464 οὐκ
1360 2389 1633 2482 αἰσχύνη
1688 2393 1947 2478 μᾶλλον
2004 2396 2126 2460 τοῦ
2172 2401 2421 2480 χωρίου

252 2493 433 2580 εστί,·
476 2500 587 2565 καὶ
631 2497 762 2588 μὴν
808 2499 877 2567 ἐν
921 2498 1166 2588 ερημίᾳ
1207 2496 1463 2563 τούτων
1509 2490 1729 2574 οὗδεὶς
1776 2522 1857 2562 αν
1900 2490 2243 2583 ὑποσταίη
2287 2501 2422 2583 θη-

253 2604 403 2683 ρίον
460 2595 673 2683 όμόσε
732 2598 872 2683 ἰόν,
933 2597 969 2668 ό
1032 2600 1104 2667 δὲ
1150 2599 1533 2680 παράσιτος
1577 2592 1749 2665 αῦτά
1790 2622 1865 2664 τε
1910 2596 2193 2665 ἐπιόντα
2237 2602 2424 2681 μένει

251 2702 368 2768 καὶ
429 2700 691 2785 δέχεται
747 2703 995 2792 ῥᾳδίως
1045 2699 1508 2790 μεμελετηκώς
1553 2692 1771 2767 αὐτῶν
1818 2697 1887 2765 ἐν
1930 2711 2074 2776 τοῖς
2119 2697 2424 2777 δείπνοις

251 2818 736 2892 καταφρονεῖν,
792 2808 902 2873 καὶ
961 2800 1115 2873 οὔτε
1159 2805 1414 2892 ἔλαφος
1459 2797 1613 2869 οὔτε
1658 2802 1777 2878 σῦς
1823 2793 2024 2866 αὐτὸν
2070 2796 2423 2889 ἐκπλήττει

253 2905 629 2994 πεφρικώς,
674 2900 845 2974 ἀλλὰ
888 2911 1001 2976 καὶ
1048 2898 1130 2974 ὃν
1175 2899 1289 2973 ἐπ’
1345 2899 1550 2972 αὐτὸν
1580 2901 1615 2971 ὃ
1651 2904 1767 2980 σῦς
1797 2899 1916 2969 τὸν
1945 2895 2192 2969 ὀδόντα
2222 2902 2422 3025 θήγῃ,

251 3008 364 3073 καὶ
414 3003 451 3073 o‘
501 3008 884 3094 παράσιτος
931 3009 1045 3077 ἐπὶ
1089 3007 1208 3077 τὸν
1268 3012 1387 3076 σῦν
1418 3000 1819 3125 -o'tvnssrJyea
1907 3000 2065 3083 τοὺς
2117 3004 2241 3090 μὲν
2296 3004 2423 3093 γὰρ

255 3107 480 3195 λαγώς
525 3110 754 3180 διώκει
794 3113 1052 3198 μᾶλλον
1094 3114 1229 3177 τῶν
1272 3113 1507 3178 κυνῶν.
1582 3106 1652 3175 ἐν
1696 3107 1768 3174 δὲ
1814 3104 1893 3193 δὴ
1927 3112 2290 3224 συμποσίῳ
2320 3113 2425 3186 τίς

253 3237 339 3277 αν
383 3215 497 3279 καὶ
547 3209 995 3304 ἁμιλλήσαιτο
1040 3218 1399 3335 παρασίτῳ
1444 3207 1595 3298 ἤτοι
1642 3209 1956 3289 παίζοντι
1999 3197 2041 3297 ἢ
2082 3207 2427 3293 ἐσθίοντι,·

142 3324 239 3376 876
257 3320 365 3392 τίς
412 3311 480 3381 δ’
533 3343 615 3383 αν
657 3318 915 3402 μᾶλλον
958 3309 1325 3431 εὐφράναι
1319 3312 1475 3392 τοὺς
1508 3311 1893 3395 συμπότας,·
1934 3309 2227 3396 πότερόν
2257 3335 2428 3377 ποτε

256 3440 458 3495 ουτος
504 3413 687 3506 ᾄδων
730 3421 843 3486 καὶ
890 3418 1235 3497 σκώπτων,
1281 3405 1325 3503 ἢ
1369 3410 1745 3502 α’νθρωπος
1781 3438 1874 3500 μη
1904 3413 2137 3498 γελῶν,
2184 3410 2252 3480 ἐν
2280 3437 2426 3501 τρι-

250 3522 487 3607 βωνίῳ
531 3527 852 3608 κείμενος,
900 3519 967 3598 ἐς
1008 3519 1128 3607 τὴν
1170 3521 1290 3608 γῆν
1335 3512 1533 3605 ὁρῶν,
1579 3510 1812 3601 ὥσπερ
1844 3513 1959 3582 ἐπὶ
1991 3516 2251 3591 πένθος
2283 3506 2426 3596 οὗχὶ

254 3615 403 3709 [εἷς]
436 3623 827 3709 συμπόσιον
854 3614 1064 3710 ἧκωνς
1105 3623 1216 3688 καὶ
1248 3619 1476 3706 ἔμοιγε
1507 3618 1705 3700 δοκεῖ,
1735 3615 1803 3686 ἐν
1835 3620 2196 3704 συμποσίῳ
2228 3615 2426 3704 φιλό-

254 3747 481 3813 σοφος
527 3725 838 3795 τοιοῦτόν
884 3723 1065 3793 ἐστιν
1113 3721 1255 3790 οἷον
1302 3721 1371 3789 ἐν
1413 3723 1752 3807 βαλανείῳ
1795 3718 1988 3786 κύων.

430 3833 535 3896 52.
587 3833 764 3914 Φέρε
814 3824 893 3916 δὴ
939 3829 1150 3893 ταῦτα
1207 3818 1492 3914 αφέντες
1536 3815 1652 3891 ἐπ’
1716 3818 1922 3888 αυτὸν
1963 3815 2088 3909 ηδη
2131 3820 2420 3905 βαδίζω·-
2439 3830 2514 3887 52

252 3948 380 4009 μεν
437 3923 558 3995 τὸν
613 3934 767 4013 βίον
822 3931 943 3996 τοῦ
986 3933 1368 4014 παρασίτου
1414 3927 1822 4002 σκοποῦντες
1867 3948 2008 4008 αμα
2051 3923 2163 3988 καὶ
2209 3948 2428 4008 παρα·

255 4027 626 4119 βάλλοντες
683 4030 934 4119 ἐκείνῳ.
1036 4032 1307 4112 πρῶτον
1364 4032 1591 4095 τοίνυν
1646 4025 1789 4093 ἰ’δοι
1845 4046 1949 4101 τις
2006 4012 2087 4089 άν
2142 4021 2257 4091 τὸν
2309 4025 2430 4108 μὲν
