2867 4525
443 286 567 346 150
1340 283 1627 342 ΔΟΥΚῙΑΝ
1630 287 1718 341 ΟΥ
1784 322 1789 327 -

439 460 819 545 σκιασθείη,
862 457 1180 542 χλοαυγές
1225 453 1434 524 ἐστιν·
1490 450 1703 534 οὕτως
1745 469 2266 541 μετακοσμεῖται
2309 453 2489 544 πρὸς
2527 453 2606 522 τὸ

332 575 405 631 12
441 564 588 650 φῶς
630 554 672 648 ἡ
716 562 1075 644 πτέρωσις.
1169 562 1267 624 12.
1313 550 1422 626 ὅτι
1464 558 1585 643 μὲν
1628 556 1756 646 γὰρ
1811 561 1925 627 καὶ
1967 551 2009 648 ἦ
2053 556 2369 626 θάλαττα
2416 556 2608 644 ἱκανὴ

433 662 1001 749 προκαλέσασθαι
1020 662 1134 728 καὶ
1157 658 1255 739 εἰς
1281 659 1660 746 ἐπιθυμίαν
1691 659 2228 729 ἐπισπάσασθαι
2259 658 2328 728 ἐν
2357 657 2611 746 γαλήνῃ

436 777 750 853 φανεῖσα,
796 761 963 845 ἴστε,
1000 751 1122 830 κᾶν
1151 760 1242 851 μὴ
1275 762 1479 829 εἴπω·
1525 755 1658 845 ὅτε,
1705 762 1766 830 εἷ
1794 765 1907 831 καὶ
1936 761 2377 830 παντάπασιν
2404 754 2612 850 ἦπει-

435 865 650 954 ρώτης
690 866 801 932 καὶ
849 857 1309 950 ἆπειρόπλους
1336 888 1443 943 τις
1478 864 1602 954 εἴη,
1648 864 1925 944 πάντως
1970 853 2051 934 ἂν
2097 861 2453 952 ἐθελήσειε
2495 863 2611 929 καὶ

438 961 640 1047 αὐτὸς
692 965 973 1052 ἐμβῐναι
1031 968 1145 1033 καὶ
1202 967 1658 1053 περιπλεῦσαι
1712 968 1824 1034 καὶ
1882 964 2058 1033 πολὺ
2119 960 2256 1032 άπὸ
2314 968 2435 1054 τῆς
2491 974 2612 1051 γῆς

433 1064 866 1137 ἀποσπάσαι,
911 1071 1024 1137 καὶ
1052 1066 1350 1153 μάλιστα
1392 1067 1454 1135 εἷ
1479 1068 1727 1153 βλέποι
1755 1067 1875 1158 τὴν
1917 1068 2038 1153 μὲν
2086 1062 2295 1154 αῦραν
2336 1066 2613 1155 κούφως

436 1170 968 1258 ἐπουριάζουσαν
1009 1169 1130 1253 τὴν
1174 1164 1449 1260 ὀθόνην,
1494 1169 1614 1261 τὴν
1659 1171 1733 1239 δὲ
1776 1173 1938 1238 ναῦν
1981 1172 2339 1259 προσηνῶς
2380 1194 2456 1236 τε
2497 1170 2611 1236 καὶ

435 1275 632 1352 λείως
699 1268 810 1339 ἐπ’
886 1267 1102 1358 ἄκρων
1168 1266 1383 1362 ἠρέμα
1446 1273 2018 1341 διολισθάνουσαν
2081 1275 2216 1338 τῶν
2283 1270 2613 1355 κυμάτων.

332 1392 407 1449 13
447 1381 540 1445 13.
589 1376 702 1442 καὶ
745 1380 971 1442 τοίνυν
1014 1377 1128 1442 καὶ
1170 1374 1368 1442 τοῦδε
1410 1378 1533 1442 τοῦ
1577 1376 1762 1444 οἴκου
1813 1373 1890 1442 τὸ
1937 1373 2179 1452 κάλλος
2225 1372 2454 1442 ἱκανὸν
2496 1376 2609 1442 καὶ

435 1480 875 1566 παρορμῆσαι
926 1475 994 1555 ἐς
1051 1475 1286 1563 λόγους
1334 1481 1448 1546 καὶ
1506 1479 1783 1565 λέγοντα
1839 1476 2181 1564 ἐπεγεῖραι
2222 1478 2336 1544 καὶ
2382 1474 2613 1545 πάντα

433 1578 690 1667 τρόπον
747 1572 1185 1667 εὐδοκιμῆσαι
1241 1579 1776 1667 παρασκευάσαι.
1867 1576 1993 1665 ἐγω
2051 1578 2174 1663 μὲν
2219 1575 2298 1668 δὴ
2343 1577 2611 1656 τούτοις

434 1687 778 1767 πείθομαι
822 1683 932 1748 καὶ
968 1677 1101 1800 ηδη
1148 1686 1532 1767 πέπεισμαι
1573 1685 1687 1749 καὶ
1733 1680 1802 1761 ἐς
1830 1680 1948 1750 τὸν
1994 1677 2173 1748 οἶκον
2220 1679 2337 1747 ἐπὶ
2386 1679 2611 1767 λόγοις

435 1783 883 1871 παρελήλυθα
950 1775 1181 1868 ὥσπερ
1246 1777 1373 1850 ὕπ’
1447 1784 1669 1871 ἴυγγος
1732 1810 1773 1909 η
1837 1786 2151 1868 Σειρῆνος
2214 1786 2313 1869 τῷ
2378 1780 2610 1850 κάλλει

434 1884 805 1969 ελκόμενος,
840 1883 1088 1951 ἐλπίδα
1112 1877 1191 1951 οῦ
1220 1883 1465 1971 μικρὰν
1489 1885 1672 1968 εχων,
1708 1884 1767 1951 εἰ
1796 1887 1907 1953 καὶ
1930 1879 2156 1963 τέως(
2118 1897 2276 1973 τμῖν
2302 1908 2610 1972 αμορφοι

430 1973 605 2084 ἦσαν
651 1986 717 2053 οἱ
764 1986 969 2073 λόγοι,
1015 1983 1260 2064 καλοὺς
1306 1981 1549 2065 αὖτοὺς
1594 1990 1972 2075 φανεῖσθαι
1999 1986 2318 2072 καθάπερ
2364 1985 2609 2072 ἐσθῆτι

428 2091 595 2179 καλῇ
639 2092 1186 2177 κεκοσμημένους.
1970 2139 1982 2151 .

328 2210 406 2267 14
612 2196 713 2256 14.
746 2187 1009 2278 Ἕτερος
1054 2190 1128 2255 δέ
1170 2213 1284 2268 τις
1319 2186 1439 2258 οὐκ
1483 2185 1755 2278 ἀγεννὴς
1800 2189 2013 2277 λόγος,
2061 2186 2231 2256 ἀλλὰ
2274 2192 2389 2258 καὶ
2425 2190 2606 2257 πάνυ

429 2305 761 2379 γενναῖος,
831 2286 923 2371 ὥς
983 2314 1185 2380 φησι,
1253 2294 1363 2359 καὶ
1420 2291 1668 2377 μεταξύ
1727 2319 1857 2379 μου
1918 2294 2221 2380 λέγοντος
2277 2287 2608 2379 ὖπέκρουε

428 2397 542 2461 καὶ
610 2393 998 2461 διακόπτειν
1066 2392 1384 2480 ἐπειρᾶτο
1441 2393 1562 2483 τὴν
1621 2394 1812 2483 ῥῆσιν
1864 2397 1975 2463 καὶ
2034 2392 2270 2483 ἐπειδῆ
2328 2398 2603 2461 πέπαυ-

335 2552 336 2555 ,
428 2520 586 2580 μαι,
642 2490 759 2561 οὐκ
812 2487 1041 2585 ἇληθῆ
1084 2498 1296 2563 ταῦτα
1343 2497 1555 2583 λέγειν
1600 2504 1767 2585 φησί
1807 2521 1924 2583 με,
1985 2490 2154 2564 ἄλλά
2202 2495 2600 2581 θαυμάζειν,

429 2595 492 2664 εἰ
548 2596 881 2685 φάσκοιμι
942 2597 1481 2686 ἐπιτηδειότερον
1540 2595 1716 2666 εἶναι
1771 2598 1947 2686 πρὸς
2002 2599 2218 2686 λόγων
2269 2597 2603 2677 ἐπίδειξιν

428 2699 615 2767 οἴκου
670 2699 913 2778 κάλλος
954 2702 1181 2789 γραφῇ
1224 2701 1336 2767 καὶ
1374 2702 1603 2786 χρυσῷ
1645 2706 2158 2791 κεκοσμημένον·
2250 2692 2410 2766 αύτὸ
2458 2700 2585 2788 γάρ
2612 2713 2691 2767 198
2814 2740 2815 2743 ¹

427 2827 561 2869 που
606 2798 996 2870 τούναντίον
1042 2797 1464 2886 ἀποβαίνειν.
1551 2803 1806 2885 μᾶλλον
1852 2803 1950 2884 δέ,
2011 2802 2072 2870 εἰ
2118 2802 2331 2884 δοκεῖ,
2399 2797 2602 2882 αὗτὸς

424 2903 798 2991 παρελθών
865 2899 901 2971 ὃ
963 2901 1159 2989 λόγος
1225 2898 1398 2988 ὖπὲρ
1453 2901 1692 2970 ἑαυτοῦ
1743 2903 2063 2988 καθάπερ
2123 2903 2191 2972 ἐν
2251 2904 2600 2984 δικασταῖς

424 3002 580 3090 ύμῖν
626 3004 920 3086 εἰπάτω,
965 2997 1104 3092 ὅπη
1155 3005 1693 3084 λυσιτελέστερον
1738 3002 1997 3095 ἡγεῖται
2041 3010 2140 3095 τῷ
2184 3009 2445 3093 λέγοντι
2491 3002 2597 3075 εὖ·

422 3107 685 3173 τέλειαν
730 3106 916 3172 οἴκου
960 3107 1072 3172 καὶ
1119 3099 1486 3193 ἀμορφίαν.
1570 3105 1733 3191 ἐμοῦ
1772 3108 1895 3193 μὲν
1941 3102 2269 3199 άκηκόατε
2313 3105 2443 3199 ἤδη
2492 3112 2596 3177 λέ·

424 3231 690 3295 γοντος,
745 3200 918 3275 ὥστε
976 3201 1168 3275 οὐδὲν
1227 3208 1469 3291 δέομαι
1525 3208 1630 3287 δὶς
1685 3211 1846 3295 περὶ
1900 3214 2037 3278 τῶν
2094 3204 2311 3279 αύτῶν
2359 3210 2597 3301 εἰπεῖν,

425 3305 463 3378 ὅ
525 3309 597 3376 δὲ
654 3307 1024 3397 παρελθών
1080 3306 1206 3400 ἤδη
1269 3312 1511 3395 λεγέτω
1556 3307 1731 3397 κάγώ
1781 3311 2222 3399 σιωπήσομαι
2264 3315 2377 3381 καὶ
2425 3313 2599 3398 πρὸς

319 3429 397 3486 15
431 3404 658 3499 ὀλίγον
706 3407 886 3500 αύτῷ
928 3411 1456 3502 μεταστήσομαι.
1536 3418 1630 3479 15.
1661 3405 1960 3501 ”Ausees
2002 3420 2227 3483 τοίνυν
2263 3416 2596 3498 δικασταί,

424 3518 634 3606 φησὶν
679 3511 714 3583 ὅ
766 3515 979 3602 λόγος,
1028 3510 1064 3582 ὃ
1111 3513 1233 3599 μὲν
1278 3512 1634 3599 προειπών
1679 3514 1898 3603 ῥήτωρ
1943 3515 2166 3582 πολλὰ
2194 3518 2307 3584 καὶ
2337 3518 2596 3605 μεγάλα

344 3610 348 3617 ’
420 3616 617 3685 τόνδε
672 3616 790 3684 τὸν
850 3614 1032 3685 οἶκον
1078 3614 1366 3704 ἐπῄνεσε
1408 3618 1523 3684 καὶ
1564 3619 1664 3703 τῷ
1707 3615 1946 3684 ἑαυτοῦ
1990 3617 2164 3707 λόγῳ
2211 3616 2595 3710 ἐκόσμησεν,

424 3716 549 3806 ἐγω
600 3718 673 3785 δὲ
715 3718 1039 3787 τοσούτου
1088 3718 1217 3784 δέω
1263 3717 1484 3805 ψόγον
1528 3713 1733 3787 αὐτοῦ
1781 3718 2360 3805 διεξελεύσεσθαι,
2424 3722 2596 3793 ὥστε

420 3821 535 3886 καὶ
578 3817 663 3885 τὰ
708 3816 822 3885 ὕπ’
873 3818 1124 3886 ἐκείνου
1161 3822 1751 3906 παραλελειμμένα
1779 3820 2209 3911 προσθήσειν
2236 3850 2359 3910 μοι
2390 3824 2592 3892 δοκῶ

423 3942 567 4007 οσῳ
624 3918 748 4006 γὰρ
811 3945 892 3985 αν
935 3916 1091 4004 ὑμῖν
1136 3922 1426 3988 καλλίων
1474 3927 1830 4011 φαίνηται,
1887 3925 2147 4011 τοσῷδε
2190 3923 2594 4007 υπεναντίος

409 4023 509 4109 τῇ
552 4023 671 4088 τοῦ
718 4021 1024 4105 λέγοντος
1064 4027 1256 4108 χρείᾳ
1291 4016 1743 4111 δειχθησεται.
1802 4026 1912 4091 καὶ
1945 4025 2219 4111 πρῶτόν
2247 4050 2323 4113 γε
2354 4026 2588 4118 ἐπειδὴ

49 4034 60 4043 ⁴
101 4012 108 4017 .

55 4068 80 4099 r:
101 4078 130 4097 '‘A‘'

437 4414 466 4441 51„-
