2867 4525
927 305 1030 357 ΔΙΣ
1066 302 1700 357 ΚΑΊἮΓΟΡΟΥΜΕΝΟΣ.
2324 299 2398 355 13

246 472 456 558 ἄνδρα
521 472 676 540 τότε
741 466 1064 561 σώφρονα
1128 471 1247 539 τὸν
1311 473 1675 539 Δινούσιον
1742 477 2163 558 φενακίσασα
2228 469 2405 553 πρὸς

246 573 484 661 ἑαυτὴν
531 580 983 662 περιέσπασε,
1029 577 1142 641 καὶ
1185 567 1267 660 ἣν
1308 599 1383 659 γε
1428 575 1496 641 οἱ
1540 573 1673 658 πρὸ
1721 570 1906 657 ὑμῶν
1951 574 2137 660 δίκην
2183 571 2404 638 ἐδίκα-

248 701 370 743 σαν
424 679 513 765 τῇ
551 671 929 765 Ἀκαδημίᾳ
972 680 1084 745 καὶ
1127 680 1211 765 τῇ
1256 681 1504 764 Μέθῃ,
1567 671 1825 765 ἀδελφὴ
1884 679 2004 761 τῆς
2059 674 2407 762 παρούσης

248 780 427 865 δίκης
472 780 686 846 ἐστίν·
733 778 1111 860 ἐξετάζεται
1154 777 1282 864 γὰρ
1328 778 1396 844 ἐν
1440 781 1538 864 τῷ
1582 777 1873 862 παρόντι
1930 776 2220 861 πότερον
2259 783 2406 859 χοί-

246 907 376 967 ρων
435 882 627 971 δίκην
682 881 864 948 κάτω
922 874 1305 959 νενευκότας
1358 876 1725 969 ἡδομένους
1774 878 1896 967 χρὴ
1953 882 2146 963 βιοῦν
2202 879 2408 967 μηδὲν

247 983 486 1069 σεμνὸν
553 978 735 1073 [οὐδὲ
789 981 1238 1072 μεγαλόφρον]
1297 981 1687 1061 ἐννοοῦντας
1742 972 1783 1070 ἢ
1829 981 1897 1048 ἐν
1960 981 2246 1068 δευτέρῳ
2289 984 2407 1047 τοῦ

244 1088 461 1165 καλῶς
506 1086 775 1169 ἔχοντος
828 1082 1286 1173 ἡγησαμένους
1328 1084 1406 1151 τὸ
1453 1083 1742 1172 τερπνὸν
1788 1082 2183 1168 ἐλευθέρους
2226 1082 2409 1149 ἐλευ-

246 1193 471 1273 θέρως
532 1191 973 1277 φιλοσοφεῖν,
1030 1188 1197 1276 μήτε
1254 1185 1331 1254 τὸ
1381 1180 1687 1272 ἀλγεινὸν
1742 1183 1832 1266 ὡς
1888 1182 2143 1270 ἄμαχον
2189 1185 2410 1253 δεδιό-

246 1316 364 1368 τας
405 1291 582 1379 μήτε
623 1288 700 1358 τὸ
749 1288 873 1379 ἡδὺ
921 1283 1466 1374 ανδραποδωδῶς
1520 1293 2095 1376 προαιρουμένους
2135 1291 2246 1355 καὶ
2290 1287 2411 1373 τὴν

248 1387 684 1478 εὐδαιμονίαν
729 1392 1085 1481 ζητοῦντας
1129 1417 1198 1458 εν
1239 1395 1337 1477 τσῦ
1371 1394 1594 1475 μέλιτι
1623 1395 1733 1458 καὶ
1766 1405 1917 1471 ταῖς
1950 1392 2194 1476 ἰσχάσι.
2268 1417 2412 1458 τοι-

248 1500 414 1562 αὕτα
471 1494 605 1581 γὰρ
665 1520 828 1582 αυτη
888 1494 1168 1560 δελέατα
1224 1506 1370 1572 τοῖς
1426 1481 1742 1580 ανοήτοις
1795 1502 2245 1579 προτείνουσα
2301 1499 2413 1561 καὶ

247 1600 836 1685 μορμολυττομένη
893 1599 993 1683 τῷ
1049 1595 1242 1683 πόνῳ
1301 1594 1720 1682 προσάγεται
1779 1591 1997 1663 αὐτῶν
2041 1596 2198 1674 τούς
2243 1600 2413 1663 πολ-

251 1700 431 1782 λούς,
493 1700 567 1767 ἐν
630 1698 733 1777 οἷς
787 1701 898 1765 καὶ
956 1697 1074 1766 τὸν
1130 1699 1428 1765 δείλαιον
1485 1697 1732 1765 ἐκεῖνον
1794 1693 2173 1787 ἀφηνιάσαι
2228 1695 2414 1787 ἡμων

252 1801 536 1892 ἐποίησε
593 1805 920 1869 νοσοῦντα
975 1800 1356 1889 τηρήσασα·
1418 1826 1495 1866 ου
1551 1824 1678 1884 γαρ
1742 1826 1824 1867 αν
1874 1796 2195 1886 ὑγιαίνων
2246 1802 2417 1867 ποτὲ

252 1899 644 1994 προσήκατο
690 1902 848 1984 τοὺς
876 1902 1082 2026 παρὰ
1126 1901 1372 1990 ταύτης
1415 1901 1667 1986 λόγους.
1740 1908 1963 1970 καίτοι
2003 1910 2075 1969 τί
2105 1929 2186 1970 αν
2216 1902 2419 1989 ε’γωγε

256 2000 701 2096 ἀγανακτοίην
744 2000 896 2073 κατ’
952 2000 1185 2093 αὐτῆς,
1245 1997 1423 2071 όπου
1466 2005 1636 2093 μηδὲ
1678 2007 1812 2070 τῶν
1857 2008 2042 2071 θεῶν
2087 2005 2417 2093 φείδεται,

257 2102 424 2175 αλλὰ
469 2107 594 2197 τὴν
651 2108 1041 2193 ἐπιμέλειαν
1101 2101 1316 2174 αύτιῦν
1371 2107 1757 2191 διαβάλλει,·
1814 2099 1987 2174 ὥστε
2041 2107 2101 2174 εἰ
2146 2131 2417 2194 σωφρο-

167 2225 244 2277 816
260 2225 449 2287 νεῖτε.
494 2214 606 2278 καὶ
659 2204 971 2296 ἀσεβείας
1018 2236 1098 2277 αν
1144 2211 1330 2299 δίκην
1376 2209 1650 2294 λάβοιτε
1692 2203 1863 2295 παρ’
1904 2204 2124 2296 αὐτῆς.
2201 2205 2418 2278 ἆκούω

260 2314 329 2380 δὲ
374 2314 582 2399 ε’γωγε
626 2337 719 2391 ως
763 2307 918 2381 οὐδὲ
971 2307 1132 2398 αὐτὴ
1194 2312 1735 2396 παρεσκεύασται
1788 2313 2221 2402 ποιήσασθαι
2265 2316 2422 2393 τοὺς

263 2416 532 2502 λόγους,
602 2408 772 2481 αλλὰ
835 2412 955 2480 τὸν
1014 2408 1402 2498 Ἐπίκουρον
1468 2408 1956 2498 αναβιβάσεται
2025 2418 2424 2503 συναγορεύ-

265 2537 501 2585 σοντα·
551 2510 763 2595 οῧτως
808 2515 1102 2605 ἐντρυφᾷ
1144 2520 1241 2603 τῷ
1283 2516 1711 2605 δικαστηρίῳ.
1789 2518 1966 2607 πλὴν
2012 2513 2164 2585 ἀλλ’
2215 2519 2425 2587 ἐκεῖνό

265 2645 335 2705 γε
389 2615 599 2707 αὐτὴν
657 2618 979 2705 ἐρωτᾶτε,
1039 2619 1223 2698 οἵους
1278 2609 1359 2685 ὃν
1417 2619 1637 2686 οἴεται
1691 2626 2015 2704 γενέσθαι
2070 2621 2189 2690 τὸν
2227 2619 2428 2707 Ἡρα-

264 2722 420 2787 κλέα
479 2724 594 2788 καὶ
649 2719 768 2788 τὸν
823 2717 1141 2805 ὑμέτερον
1190 2725 1452 2808 Θησέα,
1513 2720 1574 2787 εἰ
1631 2728 2034 2800 πεισθέντες
2076 2727 2162 2811 τῇ
2219 2719 2429 2811 ἡδονῇ

267 2822 514 2911 ἔφυγον
568 2821 725 2901 τοὺς
781 2822 1064 2902 πόνους·
1122 2817 1315 2889 οὐδὲν
1368 2822 1495 2910 γὰρ
1551 2813 1632 2889 ὃν
1692 2822 1932 2889 ἐκώλυε
1985 2823 2233 2909 μεστὴν
2279 2819 2430 2892 ἀδι-

266 2932 414 3003 κίας
459 2922 637 2992 εἶναι
678 2923 798 3013 τὴν
847 2928 998 3013 γῆν,
1058 2924 1325 2993 ἐκείνων
1378 2924 1469 3012 μὴ
1529 2925 1990 3013 πονησάντων.
2076 2931 2290 2994 ταῦτα
2334 2924 2430 2994 εἶ-

269 3052 400 3094 πον
450 3052 528 3094 ου
573 3025 753 3093 πάνυ
798 3042 943 3106 τοῖς
986 3039 1265 3111 μακροῖς
1307 3030 1445 3092 τῶν
1491 3027 1703 3115 λόγων
1734 3035 2084 3114 χαίρουσα.
2163 3030 2328 3098 εἶδέ
2357 3056 2431 3114 γε

272 3129 618 3218 ἐθελήσειε
660 3155 829 3196 κατα
873 3130 1111 3214 μικρὸν
1170 3123 1686 3213 ἀποκρίνασθαί
1726 3156 1846 3215 μοι
1894 3140 2429 3223 συνερωτωμένη,

271 3231 555 3314 τάχιστα
601 3256 683 3297 αν
725 3236 1066 3320 γνωσθείη
1111 3229 1190 3296 τὸ
1226 3231 1434 3319 μηδὲν
1466 3218 1654 3301 ούσα.
1728 3232 1911 3319 πλὴν
1942 3230 2178 3303 αλλὰ(
2142 3252 2333 3322 υμεῖς
2360 3263 2434 3323 γε

271 3337 392 3400 τοῦ
436 3326 635 3455 όρκου
678 3334 1252 3421 μνημονεύσαντες
1300 3341 1717 3422 ψηφίσασθε
1760 3334 1885 3425 ἤδη
1931 3364 2016 3403 τα
2062 3333 2299 3425 εύορκα
2340 3341 2432 3429 μὴ

275 3436 759 3514 πιστεύσαντες
809 3430 1175 3523 Ἐπικούρῳ
1243 3438 1502 3522 λέγοντι
1564 3439 1772 3525 μηδὲν
1838 3438 2236 3508 ἐπισκοπεῖν
2301 3445 2435 3507 τῶν

276 3531 445 3625 παρ’
495 3533 655 3626 ἡμῖν
698 3544 1101 3625 γιγνομένων
1143 3537 1299 3616 τοὺς
1343 3538 1572 3616 θεούς.

447 3644 657 3707 ΕΡΜ.
756 3641 1193 3726 Μετάστηθι.
1291 3637 1327 3707 ὃ
1380 3634 1766 3727 Ἐπίκουρος
1831 3638 2004 3727 ὑπὲρ
2069 3646 2188 3732 τῆς
2238 3640 2437 3713 Ἡδο-

281 3744 397 3829 νῆς
440 3743 603 3827 λέγε.

189 3856 265 3908 817
452 3849 555 3911 21.
602 3847 1154 3911 ΕΠΙΚΟΥΡΟΣ.
1253 3839 1348 3911 Οὐ
1393 3845 1646 3929 μακρά,
1705 3830 1759 3911 ὦ
1818 3840 2054 3933 ἄνδρες
2105 3848 2435 3930 δικασταί,
2455 3856 2525 3911 21

286 3944 457 4031 πρὸς
512 3940 685 4029 ὑμᾶς
742 3943 900 4029 ἐρῶ·
960 3946 1065 4014 δεῖ
1116 3945 1243 4034 γὰρ
1303 3940 1457 4013 οὐδὲ
1512 3949 1783 4014 πολλῶν
1840 3974 1960 4033 μοι
2015 3953 2149 4015 τῶν
2204 3951 2437 4035 λόγων.

288 4040 433 4114 ἄλλ’
485 4045 547 4113 εἰ
590 4047 712 4131 μὲν
759 4045 1058 4133 ἐπῳδαῖς
1099 4071 1278 4116 τισιν
1321 4038 1362 4137 ἢ
1404 4049 1786 4135 φαρμάκοις
1830 4043 1907 4117 ὅν
1952 4074 2160 4139 φησιν
2203 4050 2440 4138 ἑαυτῆς
