2867 4525
468 306 589 363 152
1368 301 1745 356 Aorxlmor

464 470 676 561 λόγων
718 471 795 542 τὸ
841 472 1083 550 κάλλος
1112 469 1184 539 ἐκ
1226 475 1345 561 τῆς
1387 470 1564 558 πρὸς
1605 471 1685 539 τὰ
1728 465 2196 560 ἀμορφότερον
2240 467 2624 553 ἐξετάσεως.

463 576 682 656 ἄλλως
722 602 797 644 τε
841 570 1086 662 ἀνάγκη
1131 577 1326 641 πᾶσα
1381 576 1495 642 καὶ
1538 571 1658 661 τὴν
1701 576 1822 642 τοῦ
1874 575 2183 660 λέγοντος
2227 568 2434 643 αῧτοῦ
2479 576 2623 644 διά·

461 705 649 748 νοιαν
709 672 1154 761 ἀσχολεῖσθαι
1205 680 1366 761 περὶ
1420 674 1543 766 τὴν
1599 680 1772 744 θέαν
1825 678 1938 745 καὶ
1979 680 2101 767 τῆς
2144 677 2508 766 φροντίδος
2544 678 2622 746 τὸ

461 775 728 869 ἀκριβὲς
771 778 1024 847 ἐκλύειν
1075 781 1194 868 τῆς
1236 773 1468 864 ὄψεως
1511 777 1997 869 ἐπικρατούσης
2045 782 2160 848 καὶ
2204 778 2382 866 πρὸς
2425 776 2627 867 αὑτὴν

460 880 774 970 ἑλκούσης
824 883 935 949 καὶ
991 906 1090 969 τῳ
1149 874 1323 969 λόγῳ
1381 885 1735 968 προσέχειν
1792 874 1911 949 οῦκ
1963 880 2195 970 ἐώσης.
2295 904 2475 949 ωστε
2523 887 2627 961 τίς

457 981 712 1072 μηχανὴ
769 982 861 1074 μὴ
921 977 1064 1067 οῦχὶ
1123 983 1399 1063 πάντως
1455 983 1730 1052 ἔλαττον
1785 983 1958 1070 ἐρεῖν
2002 979 2207 1053 αὐτὸν
2248 987 2369 1072 τῆς
2410 986 2625 1071 ψυχῆς

356 1105 428 1161 18
467 1085 938 1175 διατριβούσης
994 1088 1154 1175 περὶ
1209 1085 1328 1155 τὸν
1380 1087 1516 1153 τῶν
1569 1082 1925 1182 ὁρωμένων
1990 1085 2313 1169 ἔπαινονς
2383 1091 2485 1155 18.
2537 1084 2626 1153 ἐῶ

457 1187 585 1277 γὰρ
631 1191 842 1277 λέγειν
885 1186 996 1257 ὅτι
1037 1191 1151 1257 καὶ
1182 1189 1251 1256 οἱ
1278 1188 1615 1275 παρόντες
1645 1185 1836 1258 αὐτοὶ
1871 1190 1986 1257 καὶ
2015 1187 2193 1274 πρὸς
2220 1187 2342 1277 τὴν
2390 1181 2624 1274 ἀκρόα·

459 1314 568 1359 σιν
623 1292 1183 1413 παρειλημμένοι
1213 1290 1491 1359 ἐπειδὰν
1549 1288 1619 1369 ἐς
1670 1295 1978 1360 τοιοῦτον
2034 1288 2217 1360 οἶκον
2260 1293 2628 1379 παρέλθω-

459 1416 599 1470 σιν,
658 1387 810 1462 ἀντὶ
874 1386 1219 1480 ἀκροατῶν
1270 1396 1523 1461 θεαταὶ
1578 1398 2061 1477 καθίστανται,
2123 1396 2238 1463 καὶ
2282 1387 2402 1476 οῦχ
2454 1417 2627 1460 ουτω

456 1495 852 1580 Δημόδοκος
905 1484 947 1586 ἢ
1010 1494 1274 1585 Φήμιος
1328 1484 1370 1583 ἢ
1431 1495 1736 1583 Θάμυρις
1789 1523 1830 1585 η
1881 1491 2197 1585 Ἀμφίων
2254 1485 2300 1585 ἢ
2345 1490 2631 1584 Ὀρφεύς

456 1621 561 1677 τις
619 1600 826 1685 λέγων
882 1596 1095 1682 ἐστίν,
1162 1597 1371 1718 εευστες
1394 1591 1805 1666 ἀποσπάσαι
1858 1596 1982 1686 τὴν
2039 1596 2350 1667 διάνοιαν
2409 1591 2629 1665 αὐτῶν

459 1693 598 1769 ἀπὸ
644 1704 765 1789 τῆς
816 1705 1020 1779 θέας·
1076 1694 1227 1767 ἀλλ’
1292 1684 1408 1767 οῦν
1465 1698 1739 1779 ἕκαστος
1782 1699 2066 1769 ἐπειδὰν
2117 1697 2326 1786 μόνον
2370 1694 2631 1787 ῦπερβῇ

456 1801 576 1870 τὸν
620 1796 839 1885 ούδόν,
887 1799 1127 1891 ἀθρόῳ
1172 1804 1266 1890 τῷ
1311 1799 1542 1869 κάλλει
1586 1804 1982 1888 περιχυθεὶς
2035 1802 2249 1890 λόγων
2293 1801 2417 1887 μὲν
2461 1795 2630 1869 εκεί-

459 1930 590 1972 νων
643 1931 684 1994 η
739 1898 1124 1991 ἀκροάσεως
1167 1897 1333 1984 ἷάλλ
1397 1896 1553 1971 οῦδὲ
1608 1904 1730 1994 τὴν
1786 1898 2060 1994 ἀρχὴν,
2061 1898 2309 1987 ,ἀΐοντι
2353 1902 2632 1985 ἕοικεν,“

457 2005 614 2084 ὅλος
670 2005 744 2074 δὲ
787 2005 962 2094 πρός
1002 2019 1148 2085 τοῖς
1175 2002 1544 2093 ὁρωμένοις
1589 2004 1792 2089 ἐστίν,
1838 2005 1899 2074 εἰ
1939 2004 2029 2094 μὴ
2074 2000 2262 2088 τύχοι
2305 2030 2412 2084 τις
2454 2031 2633 2072 παν·

463 2111 669 2188 τελῶς
723 2109 978 2198 τυφλὸς
1035 2135 1128 2175 ων
1171 2097 1213 2199 ἢ
1269 2109 1339 2176 ἐν
1382 2109 1566 2176 νυκτὶ
1611 2101 1839 2194 ὥσπερ
1895 2103 1934 2196 ἦ
1991 2106 2065 2187 ἐξ
2094 2100 2359 2195 Αρείου
2406 2107 2632 2194 πάγου

355 2220 428 2279 19
461 2210 666 2300 βουλὴ
714 2224 987 2280 ποιοῖτο
1031 2209 1152 2300 τὴν
1196 2203 1536 2298 ἀκρόασιν.
1628 2215 1728 2278 19.
1775 2203 1883 2280 ὅτι
1927 2209 2055 2300 γὰρ
2101 2202 2217 2279 οῦκ
2262 2206 2631 2297 ἀξιόμαχον

459 2314 671 2400 λόγων
718 2314 903 2398 ἰσχὺς
944 2309 1111 2399 ὄψει
1156 2306 1757 2399 ἀνταγωνίσασθαι
1797 2315 1907 2381 καὶ
1954 2309 1991 2381 ὅ
2023 2313 2360 2402 Σειρήνων
2405 2318 2631 2400 μῦθος

456 2418 879 2503 παρατεθεὶς
932 2418 1031 2502 τῷ
1087 2417 1245 2499 περὶ
1302 2417 1439 2483 τῶν
1492 2413 1843 2502 Γοργόνων
1901 2415 2229 2509 διδάξειεν
2288 2410 2402 2482 ἄν·
2465 2414 2633 2485 ἐκεῖ·
2647 2436 2723 2487 201

460 2543 571 2585 ναι
613 2516 737 2602 μὲν
779 2515 907 2604 γὰρ
952 2515 1223 2604 ἐκήλουν
1266 2516 1424 2597 τοῦς
1479 2520 2007 2601 παραπλέοντας
2047 2518 2478 2605 μελῳδοῦσαι
2523 2520 2633 2586 καὶ

457 2618 936 2688 κολακεύουσαι
977 2632 1124 2697 τοῖς
1180 2614 1439 2708 ᾄσμασι
1489 2623 1602 2689 καὶ
1653 2619 2247 2698 καταπλεύσαντας
2291 2618 2409 2688 ἐπὶ
2458 2621 2633 2688 πολύ

455 2735 790 2807 κατεῖχον,
847 2724 960 2791 καὶ
1017 2714 1192 2801 ὅλως
1232 2722 1309 2789 τὸ
1365 2721 1556 2808 ἔργον
1603 2716 1820 2790 αὗτιῦν
1874 2720 2089 2790 ἐδεῖτό
2141 2745 2327 2801 τινος
2372 2721 2635 2808 διατρι-

456 2827 611 2913 βῆς,
666 2832 781 2894 καί
821 2824 957 2893 πού
1012 2849 1119 2903 τις
1178 2818 1384 2903 αὖτάς
1425 2825 1538 2891 καὶ
1581 2825 2014 2911 παρέπλευσε
2069 2825 2183 2892 καὶ
2223 2826 2347 2891 τοῦ
2388 2826 2634 2909 μέλους

457 2923 866 3015 παρήκουσε·
923 2926 1000 2993 τὸ
1065 2926 1138 2993 δὲ
1193 2929 1329 2993 τῶν
1373 2924 1723 3013 Γοργόνων
1777 2924 2021 3005 κάλλος
2080 2917 2198 2993 ἷὶτε
2236 2925 2636 3011 βιαιότατόν

454 3053 529 3096 τε
588 3017 664 3096 ὃν
720 3030 833 3095 καὶ
889 3042 1034 3107 τοῖς
1090 3027 1567 3113 καιριωτάτοις
1628 3031 1747 3114 τῆς
1805 3031 2026 3115 ψυχῆς
2089 3024 2369 3112 ὁμιλοῦν
2427 3022 2636 3108 εῦθίς

458 3128 681 3217 ἐξίστη
728 3128 888 3209 τοὺς
932 3128 1202 3208 ἰδόντας
1240 3132 1354 3198 καὶ
1399 3123 1712 3218 ἀφώνους
1757 3128 2009 3213 ἐποίει,
2070 3126 2162 3210 ὥς
2207 3129 2281 3198 δὲ
2323 3125 2361 3197 ὅ
2406 3133 2635 3216 μῦθος

456 3230 778 3317 βούλεται
834 3233 946 3299 καὶ
1006 3233 1295 3319 λέγεται,
1358 3232 1618 3301 λίθινοι
1674 3232 2008 3319 ἐγίγνοντο
2062 3228 2196 3300 ὕπὸ
2254 3232 2632 3318 θαύματος.

455 3324 631 3400 ὥστε
672 3336 784 3403 καὶ
831 3331 908 3403 ὃν
952 3330 1125 3423 ὖπὲρ
1170 3336 1293 3402 τοῦ
1335 3332 1476 3401 ταώ
1525 3333 1722 3420 λόγον
1766 3330 1920 3402 εἶπε
1963 3332 2139 3420 πρὸς
2179 3330 2354 3420 ὖμᾶς
2396 3332 2635 3422 μικρὸν

453 3433 868 3524 ἐ’μπροσθεν,
917 3433 1094 3525 ὖπέρ
1124 3436 1413 3522 ἐμαυτοῦ
1444 3434 1768 3525 εἰρῆσθαι
1809 3435 2093 3522 νομίζω·
2135 3439 2250 3505 καὶ
2291 3435 2418 3525 γὰρ
2466 3435 2633 3505 ἐκεί-

455 3563 573 3606 νου
620 3538 689 3608 ἐν
732 3544 816 3628 τῇ
860 3534 1056 3627 ὄψει,
1113 3533 1231 3607 οῦκ
1281 3536 1351 3606 ἐν
1393 3545 1476 3626 τῇ
1520 3541 1719 3627 φωνῇ
1773 3537 1850 3605 τὸ
1896 3538 2204 3626 τερπνόν.
2292 3541 2406 3607 καὶ
2454 3540 2523 3608 εἴ
2558 3544 2633 3626 γέ

452 3666 559 3721 τις
616 3641 1223 3730 παραστησάμενος
1280 3637 1399 3728 τὴν
1457 3634 1711 3729 ἀηδόνα
1761 3630 1805 3726 ἢ
1855 3640 1974 3709 τόν
2015 3640 2249 3709 κύκνον
2293 3635 2484 3729 ᾄδειν
2527 3665 2630 3708 κε·

453 3741 664 3825 λεύοι,
726 3743 975 3828 μεταξὺ
1022 3742 1096 3810 δὲ
1141 3737 1443 3832 ᾀδόντων
1486 3742 1920 3829 παραδείξειε
1962 3741 2081 3810 τὸν
2123 3768 2264 3809 ταω
2313 3764 2630 3810 σιωπων·

452 3869 570 3925 τα,
633 3829 705 3911 εῦ
758 3838 892 3911 οἶδ’
956 3845 1065 3913 ὅτι
1109 3839 1224 3913 ἐπ’
1290 3844 1538 3914 ἐκεῖνον
1581 3842 2033 3932 μεταβήσεται
2082 3840 2123 3934 ἦ
2180 3843 2359 3933 ψυχὴ
2406 3843 2628 3931 μακρὰ

453 3948 711 4028 χαίρειν
778 3944 1103 4030 φράσασα
1156 3959 1301 4024 τοῖς
1357 3945 1624 4014 ἐκείνων
1690 3941 2003 4035 ᾄσμασιν.
2102 3970 2314 4025 ουτως
2370 3942 2630 4032 ἄμαχόν

348 4062 427 4119 20
459 4071 529 4113 τι
572 4043 784 4112 ἔοικεν
813 4040 1055 4113 εἶναιε
1015 4073 1055 4136 η
1104 4041 1198 4115 δι’
1236 4043 1467 4133 ὅψεως
1502 4043 1726 4136 ἡδονή.
1800 4051 1904 4113 20.
1935 4049 2047 4115 καὶ
2092 4048 2313 4135 ἔγωγε,
2360 4047 2424 4116 εἰ
2465 4047 2630 4134 βού-
