2867 4525
459 232 537 289 62
1357 230 1735 283 ΛΟΥΚΙΑΝΟΥ

454 399 565 469 Δί’
632 403 697 469 οἱ
748 403 870 485 μὲν
913 400 1304 479 τοξεύσουσι
1358 401 1565 487 δῆλον
1618 393 1728 469 ὅτι
1770 402 1884 469 καὶ
1930 394 2382 485 ἀκοντιοῦσιν,
2438 396 2630 482 ὑμῶν

458 504 531 569 δὲ
594 495 823 591 ὥσπερ
879 497 1293 589 ἀνδριάντων
1349 496 1425 570 οὗ
1483 504 1844 583 καθίξεται
1893 502 1979 570 τὰ
2034 503 2194 588 βέλη
2254 508 2631 589 κεχρωσμέ-

458 631 589 672 νων
653 605 829 691 πρός
892 604 1010 673 τὸν
1074 599 1266 695 ἥλιον
1331 609 1446 673 καὶ
1503 604 1679 672 πολὺ
1736 604 1815 673 τὸ
1878 604 2047 689 αἷμα
2103 609 2628 690 πεπορισμένον·

459 704 534 774 οὗ
581 707 707 793 γὰρ
750 707 1014 797 καλάμη
1058 711 1169 775 καὶ
1213 702 1470 795 ἀθέρες
1515 703 1707 791 ὑμεῖς
1753 706 1933 790 ἐστε,
1989 705 2081 786 ὥς
2124 707 2407 789 τάχιστα
2453 699 2630 775 ἐνδιέ-

460 809 652 877 δόναι
711 808 885 893 πρὸς
940 809 1064 889 τὰς
1124 808 1419 900 πληγάς,
1479 802 1647 875 ἀλλὰ
1703 804 1840 895 ὀψέ
1895 834 2067 876 ποτε
2124 799 2205 875 ἀν
2260 812 2371 876 καὶ
2426 803 2630 894 μόλις

457 911 1022 996 κατατεμνόμενοι
1061 916 1319 997 βαθέσι
1363 925 1509 988 τοῖς
1552 911 1925 998 τραύμασιν
1972 911 2139 997 αἷμα
2187 904 2411 998 ὀλίγον
2455 907 2630 978 ὓπο-

460 1013 768 1093 δείξαιτε.
854 1017 1135 1080 τοιαῦτα
1188 1012 1314 1100 γὰρ
1374 1014 1539 1102 φής,
1600 1013 1661 1081 εἰ
1702 1012 1791 1100 μὴ
1839 1013 2019 1081 πάνυ
2064 1012 2463 1102 παρήκουσα
2506 1016 2631 1080 τοῦ

371 1125 448 1182 82
468 1116 1030 1202 παραδείγματος.
1120 1121 1223 1184 32.
1278 1106 1321 1203 ἢ
1364 1115 1490 1193 τὰς
1535 1118 1926 1194 πανοπλίας
1972 1115 2224 1193 ἐκείνας
2265 1114 2423 1182 τότε
2463 1108 2627 1182 ἀνα-

460 1218 775 1305 λήψεσθε
840 1217 963 1296 τὰς
1027 1221 1164 1285 τῶν
1227 1217 1570 1305 κωμῳδῶν
1627 1243 1702 1284 τε
1752 1220 1867 1285 καὶ
1916 1217 2307 1304 τραγῳδῶν,
2374 1219 2488 1284 καὶ
2545 1205 2630 1304 ἢν

458 1324 774 1408 προτεθῇ
828 1316 984 1405 ύμῖν
1045 1319 1304 1402 ἔξοδος,
1360 1319 1579 1389 ἐκεῖνα
1634 1320 1720 1387 τὰ
1766 1319 1969 1408 κράνη
2022 1319 2496 1409 περιθήσεσθε
2539 1316 2627 1384 τὰ

456 1425 806 1513 κεχηνότα,
877 1419 969 1500 ῶς
1026 1421 1483 1510 φοβερώτεροι
1543 1422 1722 1510 εἴητε
1775 1436 1922 1500 τοῖς
1979 1421 2308 1500 ἐναντίοις
2363 1446 2625 1506 μορμο-

460 1525 849 1602 λυττόμενοι
921 1517 1196 1607 αύτούς,
1269 1527 1380 1592 καὶ
1454 1521 1893 1610 ὑποδήσεσθε
1958 1522 2043 1590 τὰ
2107 1520 2336 1612 ὑψηλὰ
2407 1521 2625 1591 ἐκεῖνα
2639 1534 2736 1585 913

458 1628 731 1717 δηλαδή·
821 1625 1144 1714 φεύγουσί
1196 1652 1272 1693 τε
1326 1625 1484 1713 γάρ,
1544 1617 1623 1715 ἢν
1669 1627 1814 1716 δέῃ,
1873 1630 2095 1715 κοῦφα
2150 1630 2264 1694 καὶ
2320 1615 2400 1716 ἢν
2459 1624 2625 1692 διώ-

456 1756 641 1820 κητε,
701 1726 968 1817 ἄφυκτα
1027 1742 1172 1805 τοῖς
1228 1731 1588 1813 πολεμίοις
1641 1729 1860 1811 ἔσται,
1915 1726 2101 1813 ὑμῶν
2145 1721 2322 1795 οὕτω
2364 1727 2624 1814 μεγάλα

461 1833 945 1919 διαβαινόντων
1004 1824 1106 1897 ἐπ’
1173 1830 1431 1908 αὐτούς.
1524 1825 1662 1897 ἀλλ’
1723 1828 1855 1916 ὅρα
1911 1829 2001 1916 μὴ
2047 1834 2258 1896 ταῦτα
2300 1830 2422 1914 μὲν
2464 1825 2623 1914 ὑμῖν

457 1935 542 2002 τὰ
599 1933 834 2020 κομψὰ
895 1936 1095 2023 λῆρος
1148 1920 1194 2023 ᾗ
1237 1937 1353 2001 καὶ
1397 1931 1646 2001 παιδιὰ
1694 1930 1914 2012 ἄλλως
1955 1936 2066 2000 καὶ
2116 1933 2456 2017 διατριβαὶ
2503 1925 2625 2017 ἀρ-

456 2043 650 2123 γοῦσι
690 2037 801 2102 καὶ
848 2036 1181 2123 ῥᾳθυμεῖν
1228 2034 1545 2101 ἐθέλουσι
1589 2048 1735 2114 τοῖς
1779 2041 2172 2112 νεανίσκοις.
2243 2034 2305 2101 εἰ
2351 2035 2425 2102 δὲ
2465 2033 2623 2119 βού-

462 2141 667 2206 λεσθε
730 2136 1003 2213 πάντως
1070 2135 1420 2222 ἐλεύθεροι
1486 2139 1598 2204 καὶ
1666 2130 2056 2221 εὐδαίμονες
2118 2132 2292 2204 εἶναι
2304 2188 2322 2217 ,
2399 2130 2621 2202 ἄλλων

460 2237 614 2327 ὑμῖν
679 2244 1059 2327 γυμνασίων
1127 2238 1351 2326 δεήσει
1415 2242 1529 2307 καὶ
1589 2231 1931 2328 ἀσκήσεως
1991 2233 2318 2328 ἀληθινῆς
2371 2241 2491 2325 τῆς
2548 2237 2618 2305 ἐν

459 2357 602 2422 τοῖς
650 2335 923 2422 ὅπλοις,
976 2344 1089 2409 καὶ
1132 2339 1171 2430 ἡ
1228 2334 1480 2426 ἅμιλλα
1524 2335 1602 2408 οὗ
1648 2340 1823 2429 πρὸς
1867 2336 2192 2429 ἀλλήλους
2234 2340 2406 2425 μετὰ
2447 2366 2619 2408 παι-

462 2446 631 2527 διᾶς,
676 2439 851 2511 ἀλλὰ
894 2443 1071 2530 πρὸς
1111 2442 1269 2522 τοὺς
1312 2445 1658 2528 δυσμενεῖς
1703 2443 1893 2511 ἔσται
1936 2442 2107 2528 μετὰ
2135 2444 2453 2513 κινδύνων
2496 2469 2618 2529 με·

460 2550 704 2616 λετῶσι
745 2546 866 2638 τὴν
913 2542 1171 2635 ἀρετήν.
1226 2545 1405 2613 ὥστε
1451 2545 1733 2634 ἀφέντες
1773 2544 1897 2636 τὴν
1923 2545 2108 2614 κόνιν
2135 2549 2246 2612 καὶ
2277 2544 2354 2612 τὸ
2385 2545 2618 2613 ἔλαιον

460 2649 808 2719 διδάσκετε
868 2642 1112 2729 αύτούς
1169 2650 1462 2728 τοξεύειν
1517 2652 1630 2716 καὶ
1688 2643 2056 2730 ἀκοντίζειν
2110 2647 2199 2734 μὴ
2246 2651 2470 2736 κοῦφα
2515 2648 2619 2715 δι-

460 2750 688 2831 δόντες
730 2751 815 2819 τά
864 2750 1140 2820 ἀκόντια
1181 2755 1294 2819 καὶ
1339 2751 1455 2830 οἱα
1498 2752 1956 2840 διαφέρεσθαι
1997 2749 2171 2837 πρὸς
2200 2749 2320 2818 τὸν
2349 2746 2617 2834 ἄνεμον,

456 2849 596 2921 ἀλλ’
675 2855 846 2922 ἔστω
906 2855 1100 2942 λόγχη
1155 2861 1398 2941 βαρεῖα
1450 2852 1620 2937 μετὰ
1673 2856 2002 2940 συρισμοῦ
2059 2853 2443 2941 ἑλιττομένη
2503 2854 2619 2919 καὶ

459 2960 658 3035 λίθος
699 2955 1161 3045 χειροπληθὴς
1200 2959 1315 3024 καὶ
1362 2955 1643 3043 σάγαρις
1680 2958 1791 3023 καὶ
1819 2961 2052 3043 γέρρον
2075 2953 2151 3022 ἐν
2178 2958 2265 3044 τῇ
2289 2945 2619 3042 ἀριστερᾷ

372 3069 446 3125 38
464 3060 577 3125 καὶ
619 3057 863 3144 θώραξ
901 3061 1012 3125 καὶ
1054 3058 1315 3145 κράνος.
1404 3062 1508 3125 33.
1554 3054 1646 3137 ῶς
1690 3058 1763 3125 δὲ
1807 3060 1920 3125 νῦν
1964 3057 2162 3141 ἔχετε,
2207 3060 2392 3129 θεῶν
2431 3078 2621 3132 τινος

461 3153 766 3247 εὐμενείᾳ
819 3159 1165 3240 σώζεσθαί
1216 3186 1336 3245 μοι
1390 3160 1675 3241 δοκεῖτε,
1743 3164 1814 3227 οἳ
1870 3160 2154 3250 μηδέπω
2212 3155 2620 3225 ἀπολώλατε

457 3258 594 3329 ὖπό
652 3286 855 3329 τινων
902 3255 1148 3349 ὀλίγων
1201 3265 1424 3348 ψιλῶν
1480 3261 1966 3330 ἐπιπεσόντων.
2057 3260 2204 3328 ἰδού
2256 3266 2332 3347 γέ
2380 3285 2492 3328 τοι
2536 3249 2616 3348 ἢν
2632 3272 2727 3323 914
2847 3310 2848 3327 ἶ

458 3364 894 3450 σπασάμενος
946 3363 1024 3432 τὸ
1071 3363 1305 3452 μικρὸν
1359 3368 1561 3432 τοῦτο
1618 3364 1916 3454 ξιφίδιον
1965 3361 2043 3432 τὸ
2092 3363 2282 3450 παρὰ
2323 3363 2444 3451 τὴν
2492 3362 2618 3442 ζώ-
2847 3370 2848 3447 ξ

457 3494 574 3558 νην
628 3467 834 3552 μόνος
890 3465 1280 3535 ἐπεισπέσω
1323 3481 1468 3547 τοῖς
1511 3473 1688 3547 νέοις
1730 3463 1916 3552 ὗμῶν
1961 3459 2255 3548 ἅπασιν,
2302 3460 2617 3551 αὐτοβοεὶ
2847 3464 2848 3553 1

459 3561 539 3638 ἀν
608 3570 828 3654 ἕλοιμι
890 3567 966 3636 τὸ
1033 3568 1398 3657 γυμνάσιον
1451 3570 1802 3657 φυγόντων
1860 3568 2124 3637 ἐκείνων
2179 3571 2293 3635 καὶ
2346 3561 2618 3647 οὗδενὸς

459 3666 884 3757 ἀντιβλέπειν
939 3675 1037 3760 τῷ
1091 3671 1350 3759 σιδήρῳ
1405 3674 1818 3757 τολμῶντος,
1875 3666 2045 3738 ἀλλά
2093 3671 2250 3756 περὶ
2292 3668 2452 3748 τοὺς
2499 3663 2616 3735 ἀν-

458 3772 776 3859 δριάντας
832 3762 913 3841 ὃν
968 3773 1484 3860 περιιστάμενοι
1540 3778 1655 3843 καὶ
1711 3776 1871 3861 περὶ
1926 3772 2085 3851 τοὺς
2137 3779 2364 3850 κίονας
2407 3797 2616 3838 κατα-

456 3875 903 3957 κρυπτόμενοι
971 3876 1227 3961 γέλωτα
1289 3871 1370 3943 ἅν
1432 3902 1554 3961 μοι
1614 3878 2029 3964 παράσχοιεν
2095 3872 2490 3960 δακρύοντες
2552 3875 2617 3941 οἱ

457 3977 705 4045 πολλοὶ
748 3977 859 4042 καὶ
903 3981 1271 4062 τρέμοντες.
1330 3979 1445 4045 καὶ
1488 3972 1621 4046 τότ’
1674 3967 1756 4046 ὃν
1785 3979 1962 4057 ἰ’δοις
1991 3971 2211 4045 οὖκέτι
2243 3976 2617 4063 ἐρυθριῶν-
