2867 4525
923 251 1226 307 ΔΙΑΛΕΞΙΣ
1261 254 1430 309 ΠΡΟΣ
1465 255 1768 310 ΗΣΙΟΔΟΝ.
2312 257 2433 316 171

258 424 625 511 προλέγειν
669 421 1041 492 δύνασθαι·
1113 413 1159 513 ἢ
1206 425 1277 493 αἱ
1319 426 1443 509 μὲν
1487 425 1731 494 ἔδοσαν
1775 424 2005 514 ὥσπερ
2042 422 2433 512 ὑπέσχοντο,

261 524 354 594 σὺ
412 525 487 593 δὲ
527 520 665 592 ὑπὸ
721 520 990 614 φθόνου
1037 523 1499 611 ἀποκρύπτεις
1537 530 1651 596 καὶ
1693 523 1830 596 ὑπὸ
1876 527 2153 597 κόλπου
2177 528 2434 619 φυλάτ-

258 652 412 707 τεις
451 626 574 716 τὴν
621 627 878 715 δωρεὰν
922 623 999 697 οὗ
1044 630 1448 715 μεταδιδοὺς
1493 624 1700 720 αὑτῆς
1742 644 1890 710 τοῖς
1933 632 2307 717 δεομένοις’
2391 622 2434 720 ἢ

256 738 646 819 γέγραπται
697 737 819 817 μέν
877 753 987 801 σοι
1046 736 1159 802 καὶ
1212 737 1495 802 τοιαῦτα
1538 727 1782 816 πολλά,
1829 729 2098 802 οὖδέπω
2144 735 2218 803 δὲ
2263 729 2434 803 αὑτὰ

255 837 368 921 τῷ
408 839 542 923 βίῳ
586 834 1075 923 παραδέδωκας
1127 829 1246 903 οὑκ
1287 832 1446 904 οἶδα
1487 836 1588 916 εἰς
1630 835 1708 905 ὃν
1750 837 1988 926 καιρόν
2029 863 2184 907 τινα
2227 833 2434 926 ἄλλον

257 937 756 1022 ταμιευόμενος
821 935 943 1025 τὴν
1004 942 1242 1026 χρῆσιν
1309 932 1549 1008 αὑτῶν.
1641 938 1849 1008 έκεῖνο
1921 940 2044 1025 μὲν
2095 939 2223 1028 γὰρ
2279 934 2434 1007 οὐδὲ

258 1033 681 1127 τολμήσαιμ’
745 1029 827 1108 ἀν
885 1039 1136 1123 εἰπεῖν,
1193 1037 1288 1120 ῶς
1346 1042 1419 1109 αἱ
1463 1045 1749 1111 Μοῦσαι
1795 1042 1914 1110 δύο
1959 1065 2073 1110 σοι
2114 1042 2433 1125 παρέξειν

136 1148 237 1200 242
260 1137 731 1226 ὑποσχόμεναι
770 1140 848 1210 τὸ
894 1142 1017 1227 μὲν
1062 1142 1325 1226 ἔδοσαν,
1373 1141 1448 1222 ἐξ
1485 1139 1799 1233 ἡμισείας
1844 1144 1918 1211 δὲ
1949 1137 2431 1212 ἀνεκαλέσαντο

253 1242 385 1331 τὴν
430 1238 824 1328 ὑπόσχεσιν,
884 1245 1052 1331 λέγω
1099 1245 1171 1312 δὲ
1217 1243 1336 1335 τὴν
1378 1249 1516 1313 τῶν
1560 1245 1939 1331 μελλόντων
1980 1249 2261 1333 γνῶσιν,
2318 1248 2431 1313 καὶ

254 1350 478 1413 ταῦτα
522 1351 859 1432 προτέραν
906 1341 1111 1432 αὑτὴν
1156 1347 1225 1415 ἒν
1262 1352 1360 1435 τῶ
1391 1348 1546 1416 ἕπει
1574 1344 2048 1439 ὑπεσχημέναι.
2111 1356 2172 1418 3.
2214 1351 2429 1417 ταῦτα
2463 1358 2502 1413 3

257 1434 383 1516 οὑν
429 1448 618 1535 παρὰ
662 1454 848 1528 τίνος
894 1444 1122 1527 ἄλλου,
1160 1447 1453 1528 Ἡσίοδε,
1496 1440 1540 1540 ἢ
1583 1448 1754 1537 παρ’
1806 1448 2011 1518 αὑτοῦ
2054 1455 2178 1519 σοῦ
2205 1450 2431 1535 μάθοι

256 1576 371 1630 τις
416 1547 538 1636 ἅνς
591 1556 854 1638 πρέποι
893 1550 1022 1640 γὰρ
1069 1547 1184 1634 ἄν,
1232 1545 1469 1640 ὥσπερ
1514 1554 1583 1620 οἱ
1624 1556 1786 1621 θεοὶ
1829 1555 2166 1641 ,,δωτῆρες
2211 1552 2431 1621 ἐάων“

137 1663 146 1673 “
258 1653 461 1735 εἰσίν,
515 1646 686 1722 οὕτω
733 1653 806 1720 δὲ
849 1657 961 1722 καὶ
1006 1652 1163 1738 ὑμῖν
1207 1669 1356 1734 τοῖς
1399 1657 1630 1743 φίλοις
1671 1657 1783 1723 καὶ
1827 1661 2175 1746 μαθηταῖς
2205 1648 2427 1735 αὐτῶν

253 1754 433 1839 μετὰ
479 1754 706 1844 πάσης
753 1750 1087 1845 ἀληθείας
1132 1755 1528 1845 ἐξηγεῖσθαι
1571 1759 1732 1843 περὶ
1776 1750 1869 1825 ῶν
1912 1758 2060 1826 ἰ’στε
2102 1758 2214 1824 καὶ
2247 1757 2427 1823 λύειν

254 1855 419 1948 ἡμῖν
461 1857 585 1937 τὰς
628 1855 944 1945 ἀπορίας.

432 1968 493 2029 4.
538 1965 983 2030 ΗΣΙΟΔΟΣ.
1062 1955 1247 2051 Ἐνῆν
1302 1966 1425 2046 μέν
1480 1987 1632 2046 μοι,
1691 1947 1746 2027 ῶ
1786 1964 2124 2046 βέλτιστε,
2180 1963 2422 2052 ῥᾳδίαν
2455 1977 2495 2032 4

258 2058 627 2148 ἀπόκρισιν
684 2057 1187 2151 ἀποκρίνεσθαί
1244 2088 1356 2132 σοι
1413 2066 1574 2146 περὶ
1633 2058 1986 2146 ἀπάντων,
2057 2057 2166 2132 ὅτι
2219 2065 2428 2153 μηδέν

267 2164 419 2233 ἐστι
459 2170 591 2235 τῶν
639 2165 1223 2255 ἐρραψῳδημένων
1266 2158 1391 2233 ὑπ’
1445 2164 1607 2251 ἐμοῦ
1651 2166 1830 2235 ἰ’διον
1862 2165 2041 2250 ἐμόν,
2088 2160 2262 2233 ἀλλὰ
2292 2169 2428 2235 τῶν

261 2274 598 2352 Μουσῶν,
643 2272 756 2339 καὶ
801 2269 993 2360 ἐχρῆν
1041 2293 1117 2337 σε
1161 2263 1331 2354 παρ’
1385 2270 1650 2340 ἐκείνων
1693 2270 1850 2349 τοὺς
1894 2269 2252 2357 λογισμοὺς
2295 2273 2428 2338 τῶν

255 2397 336 2439 τε
398 2371 760 2461 εἰρημένων
811 2375 924 2440 καὶ
980 2376 1114 2438 τῶν
1170 2375 1812 2458 παραλελειμμένων
1858 2367 2211 2441 ἀπαιτεῖν·
2299 2371 2426 2457 ἐγώ

262 2475 340 2542 δὲ
391 2470 564 2561 ὑπὲρ
606 2475 729 2559 μὲν
771 2468 864 2542 ῶν
911 2474 1056 2563 ἰδίᾳ
1099 2471 1511 2565 ἠπιστάμην,
1560 2477 1728 2561 λέγω
1774 2474 1847 2541 δὲ
1890 2479 2010 2543 τοῦ
2053 2481 2278 2560 νέμειν
2312 2478 2426 2542 καὶ

256 2583 657 2662 ποιμαίνειν
712 2580 825 2645 καὶ
884 2575 1257 2657 ἐξελαύνειν
1311 2579 1425 2644 καὶ
1476 2576 1794 2663 βδάλλειν
1849 2580 1962 2645 καὶ
2019 2580 2153 2645 τῶν
2211 2572 2429 2643 ἷίλλων

140 2701 236 2753 243
262 2673 402 2748 ὅσα
447 2686 788 2766 ποιμένων
834 2681 992 2767 ἔργα
1035 2683 1147 2748 καὶ
1191 2679 1590 2766 μαθήματα,
1638 2678 1898 2756 δίκαιος
1943 2669 2023 2745 ἀν
2070 2679 2212 2768 ε’ίην
2252 2674 2429 2744 ἀπο-

255 2786 648 2872 λογεῖσθαι,
706 2785 779 2852 αἱ
820 2787 985 2853 θεαὶ
1032 2782 1105 2850 δὲ
1147 2782 1270 2861 τὰς
1317 2776 1534 2849 αὑτῶν
1579 2780 1836 2869 δωρεὰς
1880 2781 1984 2860 οἷς
2025 2806 2100 2848 τε
2145 2771 2226 2848 ἀν
2271 2780 2428 2847 ἑθέ-

258 2890 434 2956 λωσι
478 2891 589 2956 καὶ
635 2885 750 2977 ἐφ’
801 2881 964 2955 ὅσον
1011 2877 1092 2953 ὃν
1139 2886 1419 2954 οἴωνται
1449 2887 1666 2965 καλῶς
1696 2885 1885 2968 ἔχειν,
1930 2882 2429 2969 μεταδιδόασιν.

257 2996 320 3057 5.
369 2988 556 3075 ὅμως
617 2990 689 3059 δὲ
736 2984 854 3058 οὐκ
897 2986 1228 3079 ἀπορήσω
1273 2986 1451 3072 πρὸς
1496 2988 1572 3056 σὲ
1614 2989 1728 3055 καὶ
1770 2991 2126 3076 ποιητικῆς
2170 2980 2424 3054 ἀπολο-
2460 3010 2497 3063 5

253 3100 443 3180 γίας·
504 3088 581 3160 οὗ
621 3092 768 3180 γάρ,
816 3090 1029 3178 οἶμαι,
1071 3090 1194 3181 χρὴ
1243 3090 1433 3174 παρὰ
1464 3094 1598 3158 τῶν
1641 3094 1943 3179 ποιητῶν
1975 3090 2044 3170 ἐς
2072 3088 2149 3160 τὸ
2185 3088 2428 3158 λεπτό-

253 3221 468 3264 τατον
534 3189 1211 3283 ἀκριβολογουμένους
1279 3187 1603 3262 ἀπαιτεῖν
1660 3192 1829 3260 κατὰ
1891 3193 2224 3283 συλλαβὴν
2279 3191 2431 3261 ἑκά-

253 3321 425 3386 στην
483 3297 715 3385 ἐντελῆ
773 3298 1049 3377 πάντως
1106 3296 1190 3364 τὰ
1252 3296 1569 3386 εἰρημένα
1580 3349 1600 3379 ,
1657 3298 1770 3364 καὶ
1825 3291 1907 3362 άν
1948 3322 2020 3363 τι
2063 3295 2132 3363 ἐν
2175 3300 2273 3382 τῷ
2312 3300 2432 3384 τῆς

254 3399 608 3488 ποιήσεως
653 3399 882 3487 δρόμῳ
938 3399 1326 3486 παραρρυὲν
1379 3399 1598 3486 λάθῃ,
1650 3401 1909 3484 πικρῶς
1962 3401 2163 3464 τοῦτο
2209 3395 2435 3475 ἐξετά-

254 3501 413 3585 ζειν,
463 3495 620 3569 cim?
673 3502 927 3570 εἰδέναι
972 3495 1080 3570 ὅτι
1126 3500 1349 3569 πολλὰ
1394 3497 1589 3588 ἡμεῖς
1631 3503 1746 3568 καὶ
1787 3503 1923 3567 τῶν
1950 3504 2211 3584 μέτρων
2243 3498 2429 3565 ἕνεκα

251 3607 367 3673 καὶ
410 3609 533 3695 τῆς
576 3598 915 3695 εὑφωνίας
961 3603 1505 3690 ἐπεμβάλλομεν·
1579 3600 1665 3669 τὰ
1713 3602 1927 3670 δὲκαὶ
1956 3600 2033 3669 τὸ
2067 3600 2233 3678 ἔπος
2265 3594 2424 3668 αὐτὸ

262 3707 597 3786 πολλάκις
643 3708 790 3775 λεῖα
835 3701 998 3775 ὄντα
1047 3701 1165 3773 οὑκ
1209 3700 1343 3773 οἶδ’
1396 3698 1588 3784 ὅπως
1633 3704 2072 3791 παρεδέξατο.
2133 3702 2213 3771 σὺ
2248 3702 2426 3771 δὲτὸ

260 3814 583 3897 μέγιστον
640 3802 735 3877 ῶν
791 3809 1022 3895 ἔχομεν
1079 3805 1358 3896 ἀγαθῶν
1405 3800 1669 3896 ἀφαιρῇ
1710 3803 1913 3895 ἡμᾶς,
1977 3808 2144 3893 λέγω
2190 3806 2263 3873 δὲ
2307 3805 2428 3893 τὴν

263 3911 667 3997 ἐλευθερίαν
724 3915 837 3980 καὶ
893 3910 1015 3998 τὴν
1073 3910 1142 3977 ἐν
1196 3914 1294 3997 τῷ
1348 3923 1577 3978 ποιεῖν
1622 3908 1966 3996 ἐξουσίαν,
2020 3911 2134 3977 καὶ
2178 3907 2264 3975 τὰ
2307 3909 2431 3993 μὲν

258 4010 433 4083 ἄλλα
494 4008 616 4098 οὑχ
660 4011 824 4105 ὁρᾷς
866 4007 996 4083 ὅσα
1039 4017 1159 4104 τῆς
1201 4013 1545 4101 ποιήσεως
1587 4012 1777 4094 καλά,
1824 4011 2312 4097 σκινδαλάμους
2357 4011 2430 4077 δὲ

1335 4386 1420 4467 ⁴¹!
