2867 4525
479 288 514 342 2
1368 285 1743 338 ΛΟΥΚΙΑΝΟΥ

475 450 661 582 αύτῷ
705 451 937 579 ἄρνεια
979 455 1139 540 κρέα
1180 458 1316 554 nain
1334 454 1627 537 χελώνας
1672 453 1739 532 ἐς
1782 453 1856 521 τὸ
1903 451 2062 521 αὐτὸ
2101 454 2411 540 ἕψοντες·
2460 446 2636 520 ὥστε

475 557 533 623 εἰ
578 555 668 644 μὴ
715 555 833 644 τὴν
881 558 1032 645 ῥῖνα
1076 555 1231 635 όξῦς
1272 543 1372 644 ἦν,
1417 548 1541 624 κᾶν
1587 550 1900 642 άπῆλθεν
1933 550 2137 623 αῦτοῦ
2167 554 2201 624 o‘
2234 556 2473 635 Λυδὸς
2516 582 2633 624 κα·-

472 661 785 745 ταγελῶν.
877 656 912 725 ὃ
959 659 1080 743 μὲν
1122 657 1248 745 γὰρ
1285 654 1693 745 Ἀσκληπιὸς
1736 655 1869 727 ὑπὸ
1916 662 2052 725 τῶν
2110 659 2485 727 νοσούντων
2531 658 2635 725 ἐν-

473 758 872 845 οχλούμενος
916 755 1042 850 ορῇ
1085 785 1159 827 τε
1206 759 1390 827 δεινὰ
1449 761 1759 847 θιγγάνει
1799 786 1893 828 τε
1952 755 2210 851 άηδέων
2265 754 2380 828 ἐπ’
2434 757 2636 827 άλλο-

471 870 697 952 τρίῃσί
739 888 814 930 τε
861 863 1277 952 ξυμφορῇσιν
1324 862 1504 941 ἰδίας
1547 868 1925 945 καρποῦται
1974 863 2211 942 λύπας.
2285 870 2354 930 τί
2381 861 2508 949 γὰρ
2554 890 2637 928 αν

471 955 514 1053 ἢ
558 965 714 1044 τοῦς
761 959 1044 1050 άνέμους
1089 969 1625 1092 φυτουργοῦντας
1671 968 1930 1051 λέγοιμι
1977 968 2090 1032 καὶ
2135 971 2639 1049 παραπέμπον-

475 1091 598 1143 τας
641 1067 724 1132 τά
772 1068 983 1133 πλοῖα
1012 1071 1125 1134 καὶ
1154 1080 1299 1145 τοῖς
1332 1069 1654 1150 λικμωσιν
1692 1068 2159 1154 ἐπιπνέοντας,
2205 1057 2248 1154 ἢ
2277 1066 2394 1134 τὸν
2424 1065 2638 1133 ύπνον

475 1168 591 1235 ἐπὶ
652 1168 917 1247 πάντας
972 1169 1376 1253 πετόμενον,
1432 1158 1478 1254 ἢ
1531 1195 1650 1236 τον
1705 1194 1964 1255 ονειρον
2019 1195 2189 1254 μετα
2246 1172 2365 1236 τοῦ
2422 1168 2638 1236 ῧπνου

476 1271 1060 1355 διανυκτερεύοντα
1131 1273 1242 1338 καὶ
1317 1268 1836 1358 ὑποφητεύοντα
1912 1266 2130 1359 αῦτῴ,·
2211 1273 2437 1337 πάντα
2509 1269 2637 1356 γὰρ

474 1377 685 1441 ταῦτα
728 1369 864 1440 ῦπὸ
914 1376 1449 1463 φιλανθρωπίας
1493 1374 1558 1440 οἱ
1603 1378 1761 1441 θεοὶ
1804 1377 2093 1441 πονοῦσι
2138 1371 2312 1457 πρὸς
2354 1372 2471 1440 τὸν
2519 1370 2638 1439 ἐπὶ

404 1488 440 1542 2
476 1479 597 1563 τῆς
640 1480 758 1563 γῆς
799 1482 950 1562 βίον
998 1476 1271 1553 ἕκαστος
1318 1476 1792 1555 ξυντελοῦντες.
1852 1481 1913 1543 2.
1944 1483 2169 1544 καίτοι
2211 1473 2295 1541 τὰ
2339 1474 2461 1559 μὲν
2503 1478 2638 1540 τῶν

475 1574 694 1644 ἄλλων
736 1583 1009 1665 μέτρια·
1057 1577 1181 1664 ἐγώ
1230 1579 1302 1645 δὲ
1349 1574 1552 1657 αὐτὸς
1582 1574 1617 1645 0‘
1663 1578 1940 1645 πάντων
1982 1576 2298 1663 βασιλεὺς
2340 1580 2453 1643 καὶ
2497 1603 2638 1643 πα-

471 1679 594 1768 τὴρ
652 1672 819 1759 ὅσας
871 1681 993 1767 μὲν
1053 1676 1294 1769 ἀηδίας
1352 1682 1704 1765 α’νέχομαι,
1765 1679 1893 1747 ὅσα
1952 1680 2024 1747 δὲ
2083 1679 2449 1765 πράγματα
2506 1678 2749 1761 ἔχω794

471 1782 647 1867 πρὸς
690 1783 1025 1862 τοσαύτας
1071 1783 1441 1910 φροντίδας
1494 1783 1913 1871 διῃρημένος·
1976 1776 2034 1868 ᾦ
2095 1785 2338 1868 πρῶτα
2381 1785 2504 1864 μὲν
2548 1781 2637 1847 τὰ

470 1890 603 1952 τῶν
652 1881 872 1952 αλλων
915 1890 1097 1954 θεῶν
1144 1885 1303 1971 ε’ργα
1362 1885 1760 1953 ἐπισκοπεῖν
1820 1881 2213 1970 αναγκαῖον,
2273 1881 2526 1951 ὁπόσοι
2568 1909 2638 1949 τι

472 1985 630 2076 ἡμῖν
691 1987 1299 2072 ξυνδιαπράττουσι
1354 2012 1473 2075 ττς
1530 1980 1763 2075 ἀρχῆς,
1824 2011 1916 2064 ως
1971 1985 2061 2073 μὴ
2109 1985 2520 2067 βλακεύωσιν
2567 1983 2637 2050 ἐν

475 2085 736 2172 αὐτοῖς,
806 2090 1045 2158 ε’πειτα
1112 2089 1185 2156 δὲ
1239 2091 1350 2155 καὶ
1414 2083 1597 2175 αύτῷ
1653 2094 1860 2173 μυρία
1921 2083 2089 2155 ἂττα
2144 2087 2477 2210 πράττειν
2523 2088 2636 2152 καὶ

475 2191 710 2277 σχεδὸν
766 2186 1090 2279 ἆνέφικτα
1150 2186 1283 2257 ὖπο
1335 2190 1774 2279 λεπτότητος
1837 2186 1912 2257 οὗ
1970 2214 2097 2277 γαρ
2151 2189 2357 2275 μόνον
2400 2187 2484 2255 τὰ
2530 2213 2641 2254 κε-

474 2296 739 2384 φάλαια
791 2298 1003 2361 ταῦτα
1063 2297 1182 2384 τῆς
1241 2294 1661 2381 διοικήσεως,
1730 2290 1960 2371 ὑετοὺς
2014 2295 2123 2361 καὶ
2179 2291 2469 2376 χαλάζας
2525 2294 2642 2358 καὶ

475 2391 826 2482 πνεύματα
870 2399 984 2464 καὶ
1030 2390 1388 2481 άστραπὰς
1435 2389 1638 2474 αῦτὸς
1685 2394 2288 2483 οἰκονομησάμενος
2328 2397 2441 2461 καὶ
2488 2395 2642 2461 δια-

473 2495 679 2579 τάξας
723 2504 1084 2583 πέπαυμαι
1126 2503 1260 2565 τιῦν
1307 2497 1423 2567 ἐπὶ
1468 2504 1712 2583 μέρους
1769 2498 2146 2585 φροντίδων
2206 2491 2640 2586 ἀπηλλαγμέ-

473 2627 614 2685 νος,
677 2600 846 2668 άλλά
887 2627 974 2687 με
1021 2603 1123 2669 δεῖ
1165 2604 1277 2667 καὶ
1331 2604 1544 2667 ταῦτα
1600 2600 1721 2683 μὲν
1778 2614 2034 2681 ποιεῖν,
2098 2589 2514 2683 ἂποβλέπειν
2562 2598 2639 2664 δὲ

378 2741 383 2745 ·
471 2704 637 2772 κατὰ
684 2703 803 2772 τὸν
850 2698 1053 2771 αὐτὸν
1094 2704 1331 2789 χρόνον
1388 2699 1742 2792 ἆπανταχῆ
1792 2705 1904 2769 καὶ
1965 2702 2190 2768 πάντα
2235 2701 2639 2768 ἐπισκοπεῖν

470 2807 705 2891 ὥσπερ
751 2806 869 2874 τὸν
915 2805 983 2874 ἐν
1028 2810 1112 2894 τῇ
1142 2810 1375 2895 Νεμέᾳ
1416 2806 1759 2890 βουκόλον,
1802 2803 1961 2882 τοῦς
2003 2805 2432 2883 κλέπτοντας,
2478 2801 2640 2880 τοὺς

470 2909 981 2995 ἐπιορκοῦντας,
1047 2907 1204 2986 τοῦς
1261 2908 1594 2987 θύοντας,
1655 2907 1723 2973 εἰ’
1772 2931 1877 2984 τις
1935 2906 2246 2988 ἐ’σπεισε,
2306 2900 2533 2973 πόθεν
2596 2900 2637 2990 ἡ

467 3024 663 3079 κνῖσα
708 3013 818 3077 καὶ
866 3006 901 3077 ὃ
949 3009 1206 3088 καπνὸς
1264 3004 1637 3096 ἀνέρχεται,
1694 3015 1799 3087 τίς
1856 3011 2071 3076 νοσῶν
2117 2999 2157 3096 ἢ
2213 3009 2440 3074 πλέων
2488 3006 2642 3073 ἐκά-

469 3116 649 3194 λεσε,
708 3115 817 3179 καὶ
876 3110 952 3178 τὸ
1014 3111 1290 3178 πάντων
1340 3111 1888 3193 ἐπιπονώτατον,
1946 3105 2071 3199 ὑφ’
2127 3111 2240 3178 ἕνα
2282 3107 2520 3194 καιρὸν
2566 3108 2640 3176 ἓν

411 3273 417 3277 .
471 3241 546 3283 τε
570 3209 909 3303 Ὀλυμπίᾳ
951 3217 1035 3302 τῇ
1081 3213 1411 3302 ἑκατόμβῃ
1459 3227 1781 3298 παρεῖναι
1822 3216 1934 3279 καὶ
1979 3212 2047 3281 ἐν
2078 3214 2433 3297 Βαβυλῶνι
2477 3209 2641 3289 τοὺς

475 3319 937 3402 πολεμοῦντας
996 3315 1393 3383 ἐπισκοπεῖν
1445 3318 1558 3382 καὶ
1616 3313 1684 3381 ἐν
1746 3320 1985 3392 Γέταις
2045 3314 2338 3396 χαλαζᾶν
2392 3317 2509 3380 καὶ
2566 3312 2639 3381 ἓν
2656 3329 2756 3379 795

470 3419 832 3506 Αἰθίοψιν
880 3412 1305 3503 εὐωχεῖσθαι.
1367 3417 1443 3485 τὸ
1480 3420 1551 3485 δὲ
1587 3424 2051 3504 μεμψίμοιρον
2097 3412 2249 3484 οὐδὲ
2283 3410 2459 3483 οὕτω
2493 3418 2642 3483 δια-

471 3535 707 3611 φυγεῖν
754 3521 1019 3614 ῥᾴδιον,
1081 3514 1252 3588 άλλὰ
1311 3515 1640 3599 πολλάκις
1684 3522 1752 3587 οἱ
1794 3519 1914 3605 μὲν
1962 3514 2153 3586 ἄλλοι
2197 3524 2362 3586 θεοί
2405 3543 2480 3585 τε
2524 3522 2642 3586 καὶ

469 3621 701 3709 ἀνέρες
747 3625 1247 3708 ἱπποκορυσταὶ
1294 3616 1561 3691 εῧδουσι
1607 3622 1991 3706 παννύχιοι,
2052 3619 2172 3687 τὸν
2214 3626 2355 3689 Δία
2401 3619 2475 3686 δὲ
2520 3619 2642 3704 ἐμὲ

470 3723 585 3795 οῦκ
630 3726 766 3808 ἐ’χει
810 3726 1096 3815 νήδυμος
1140 3724 1369 3804 ῧπνος.
1445 3715 1526 3814 ἢν
1553 3724 1679 3811 γάρ
1725 3750 1795 3791 τι
1836 3727 1947 3792 καὶ
1992 3721 2229 3808 μικρὸν
2276 3720 2641 3788 ἐπινυστά-

471 3832 720 3914 ξωμεν,
781 3821 1046 3916 άληθὴς
1099 3821 1305 3905 εὐθὺς
1364 3823 1398 3894 ὅ
1455 3822 1873 3909 Ἐπίκουρος,
1943 3819 2405 3913 ἀπρονοήτους
2461 3821 2643 3912 ἡμᾶς

471 3927 879 4018 ἀποφαίνων
925 3932 1056 3995 τῶν
1104 3927 1218 3994 ἐπὶ
1263 3933 1381 4018 γῆς
1426 3927 1874 4015 πραγμάτων,
1933 3932 2045 3995 καὶ
2092 3923 2127 3993 ὃ
2174 3927 2474 4004 κίνδυνος
2519 3918 2644 3995 οῦκ

472 4029 1081 4122 εἰκαταφρόνητος,
1174 4029 1233 4096 εἰ
1317 4034 1530 4098 ταῦτα
1605 4030 1671 4096 οἱ
1745 4028 2111 4116 ἅνθρωποι
2196 4026 2641 4096 πιστεύουσιν
