2867 4525
491 293 572 349 84
1387 290 1761 343 ΔΟΥΚΙΑΝΟΥ

491 462 694 547 ρίζειν
727 455 878 529 οὐδὲ
910 464 1130 549 ληρεῖν
1168 450 1210 548 ἢ
1241 459 1579 548 ἐπιορκεῖν
1608 448 1651 548 ἢ
1682 461 2153 545 λοιδορεῖσθαι
2183 448 2225 546 ἢ
2259 456 2660 542 διαβάλλειν

404 617 407 624 .
490 568 602 632 καὶ
644 563 1061 651 ψεύδεσθαι,
1111 559 1283 629 ἀλλὰ
1327 566 1440 630 καὶ
1485 561 1736 648 νύκτωρ
1780 588 1849 629 τι
1894 557 2059 627 ὂὶλλο
2104 558 2496 640 ὖποτελεῖν,
2541 562 2661 625 καὶ

486 655 839 751 μάλιστα
812 692 891 751 ην
922 664 1094 750 πρὸς
1125 659 1298 732 ου’τω
1330 664 1629 742 πολλοὺς
1657 664 1812 742 τοὺς
1856 662 2111 751 ἔρωτας
2139 664 2228 753 μὴ
2265 665 2661 751 διαρκέσῃς·

490 768 716 835 πάντα
763 760 925 853 αὐτή
984 792 1057 853 γε
1116 766 1521 834 ἐπιστάσθω
1574 769 1685 833 καὶ
1737 772 2154 854 γονιμωτέρα
2196 770 2498 853 γινέσθω
2545 765 2664 829 καὶ

385 880 462 936 24
496 870 701 958 μηδὲν
732 868 1298 958 ἀποστρεφέσθω.
1373 873 1474 935 24.
1519 857 1597 955 ἣν
1627 876 1857 951 ταῦτα,
1904 896 1957 935 ω
1994 884 2142 952 παῖ,
2187 870 2405 945 καλῶς
2453 864 2665 949 ἐκμά-

488 977 623 1058 θῃς
668 1010 749 1019 -
796 970 1079 1039 δύνασαι
1125 974 1227 1039 δέ·
1277 964 1468 1038 οὐδὲν
1506 969 1635 1092 γὰρ
1667 970 1734 1037 ἐν
1781 969 2012 1050 αὐτοῖς
2052 971 2222 1056 βαρύ
2256 1009 2341 1019 -
2371 971 2664 1056 θαρρῶν

491 1072 984 1159 ἐπαγγέλλομαι
1031 1067 1149 1140 οὐκ
1194 1072 1263 1151 ἐς
1303 1071 1562 1157 μακράν
1608 1094 1684 1139 σε
1730 1096 2006 1158 αριστον
2043 1068 2293 1161 ῥήτορα
2335 1074 2450 1138 καὶ
2494 1065 2664 1160 ἡμῖν

490 1167 725 1258 ὅμοιον
759 1168 1468 1260 ἀποτελεσθήσεσθαι.
1543 1173 1618 1241 τὸ
1652 1173 1822 1258 μετὰ
1852 1178 2048 1242 τοῦτο
2090 1176 2162 1242 δὲ
2209 1169 2325 1242 οὔκ
2371 1173 2488 1258 ἐμὲ
2529 1170 2660 1262 χρὴ

491 1278 734 1363 λέγειν,
794 1270 924 1345 ὅσα
983 1277 1050 1344 ἐν
1106 1283 1342 1362 βραχεῖ
1393 1281 1732 1363 παρέσται
1790 1298 1900 1344 σοι
1956 1271 2231 1363 τάγαθὰ
2290 1274 2481 1361 παρὰ
2539 1278 2666 1360 τῆς

373 1435 377 1446 ,
481 1375 873 1469 Ῥητορικῆς.
964 1377 1128 1469 δρᾷς
1187 1378 1327 1464 ἐμέ,
1389 1377 1467 1457 ὃς
1509 1380 1770 1465 πατρὸς
1812 1380 1934 1463 μὲν
1993 1373 2298 1469 ἀφανοῦς
2339 1380 2455 1444 καὶ
2501 1369 2665 1443 οὐδὲ

488 1486 812 1569 καθαρῶς
869 1481 1226 1568 ἐλευθέρου
1285 1480 1599 1571 ἐγενόμην
1644 1478 1815 1565 ὗπὲρ
1859 1481 2027 1555 Ξόϊν
2078 1484 2189 1548 καὶ
2240 1483 2499 1564 Θμοῦιν
2549 1478 2663 1564 δε-

492 1584 954 1665 δουλευκότος,
1011 1583 1263 1674 μητρὸς
1310 1584 1383 1650 δὲ
1441 1578 1821 1670 ἀκεστρίας,
1883 1581 1997 1651 ἐπ’
2061 1578 2405 1671 ἀμφοδίου
2449 1579 2661 1658 τινός,

493 1683 692 1765 αὐτὸς
737 1686 809 1752 δὲ
850 1686 970 1776 τὴν
1015 1681 1189 1772 ὥραν
1237 1679 1311 1753 οὗ
1370 1689 1811 1754 παντάπασιν
1862 1681 2185 1770 ἀδόκιμος
2220 1680 2404 1752 ,εἶναι
2448 1683 2737 1762 δόξας26

490 1787 564 1855 τὸ
613 1789 733 1872 μὲν
777 1792 1050 1875 πρῶτον
1096 1786 1212 1855 ἐπὶ
1256 1792 1447 1876 ψιλῷ
1490 1792 1588 1876 τῷ
1624 1794 2006 1878 τρέφεσθαι
2037 1791 2235 1877 συνῆν
2279 1812 2415 1854 τινι
2457 1811 2664 1853 κακο-

494 1891 764 1973 δαίμονι
819 1894 931 1957 καὶ
986 1893 1272 1978 γλίσχρῳ
1331 1892 1607 1980 ἐραστῇ,
1677 1892 1828 1959 ἐπεὶ
1882 1891 1954 1958 δὲ
2020 1889 2138 1979 τὴν
2192 1885 2352 1957 οδὸν
2407 1888 2663 1977 ταύτην

495 1991 741 2079 ῥᾴστην
787 1990 992 2060 οὖσαν
1034 1994 1339 2060 κατεῖδον
1383 1997 1497 2060 καὶ
1543 1993 2013 2074 διεκπαίσας’
1984 1998 2099 2061 επὶ
2145 1995 2243 2078 τῷ
2288 1987 2466 2079 ἀκρῳ
2515 1990 2661 2076 ἐγε-

487 2092 695 2183 νόμην
751 2130 833 2141 -
893 2090 1152 2183 ὑπῆρχε
1207 2095 1333 2183 γάρ
1389 2122 1541 2181 μοι,
1611 2093 1663 2162 ῶ
1719 2099 1884 2186 φίλη
1938 2093 2366 2182 Ἀδράστεια,
2423 2093 2659 2162 πάντα

489 2193 704 2264 ἐκεῖνα
751 2194 793 2261 ἃ
840 2211 1173 2284 προεῖπον
1219 2197 1484 2286 ἐφόδια,
1531 2198 1606 2266 τὸ
1645 2199 1927 2287 θράσος,
1973 2195 2013 2289 ἡ
2048 2195 2339 2283 ἀμαθία,
2386 2192 2424 2287 ἦ
2461 2192 2656 2268 ἀναι-

490 2305 760 2380 σχυντία
804 2339 889 2348 -
931 2301 1202 2384 πρῶτον
1233 2300 1353 2383 μὲν
1385 2296 1603 2369 ουκέτι
1630 2300 1979 2380 Ποθεινὸς
2008 2294 2444 2389 ονομάζομαι,
2493 2295 2648 2365 ἀλλ’

487 2397 612 2488 ἤδη
669 2414 812 2477 τοῖς
862 2402 1032 2479 Διὸς
1090 2403 1202 2469 καὶ
1254 2403 1499 2489 Λήδας
1554 2406 1798 2472 παισὶν
1855 2400 2206 2488 ὁμώνυμος
2259 2407 2652 2493 γεγένημαι·Ι

491 2502 729 2569 ἔπειτα
788 2502 860 2569 δὲ
917 2507 1080 2589 γραῒ
1120 2505 1515 2594 συνοικήσας
1559 2504 1634 2572 τὸ
1683 2510 1951 2593 πρῶτον
2004 2506 2126 2590 μὲν
2172 2503 2653 2592 ἐγαστριζόμην

489 2602 663 2690 πρὸς
710 2598 911 2692 αὐτῆς
956 2605 1111 2692 ἐρᾶν
1157 2608 1734 2694 προςποιούμενος
1776 2608 2083 2695 γυναικὸς
2126 2606 2654 2695 ἑβδομηκοντού-

488 2708 675 2785 τιδος
716 2710 1102 2794 τέτταρας’
1083 2707 1183 2776 ε’τι
1229 2709 1511 2788 λοιποὺς
1555 2705 1836 2789 οδόντας
1881 2710 2185 2799 ἐχούσης,
2238 2715 2491 2797 χρυσίῳ
2536 2713 2652 2776 καὶ

488 2804 764 2888 τούτους
808 2807 1289 2894 ἐνδεδεμένους.
1365 2813 1541 2901 πλνν
1588 2806 1757 2879 ἀλλά
1790 2837 1863 2900 γε
1895 2811 2007 2879 διὰ
2050 2811 2171 2902 τὴν
2202 2818 2443 2880 πενίαν
2489 2807 2656 2900 ὕφι-

491 2912 746 3001 στάμην
788 2911 906 2980 τὸν
953 2898 1170 2979 ἀθλον
1213 2915 1325 2979 καὶ
1369 2913 1453 2979 τὰ
1498 2914 1723 3000 ψυχρὰ
1769 2914 1986 2983 ἐκεῖνα
2036 2913 2121 2981 τὰ
2168 2914 2237 2982 ἐκ
2280 2918 2398 3001 τῆς
2444 2919 2653 2999 σοροῦ

490 3014 840 3100 φιλήματα
895 3009 1312 3102 ὑπερήδιστά
1367 3041 1485 3099 μοι
1545 3016 1765 3085 ἐποίει
1824 3045 1859 3083 ο
1919 3016 2133 3102 λιμός.
2223 3013 2369 3084 εἶτα
2414 3010 2722 3104 ολίγου27

493 3116 630 3181 δεῖν
673 3115 1078 3202 κληρονόμος
1123 3142 1227 3181 ων·
1264 3112 1505 3199 εἶχεν(
1470 3119 1788 3208 ἀπάντων
1832 3125 2170 3208 κατέστην,
2220 3118 2279 3185 εἰ
2308 3118 2396 3205 μὴ
2444 3119 2653 3187 κατά-

493 3216 694 3302 ρατός
735 3241 841 3295 τις
886 3217 1143 3306 οἰκέτης
1188 3216 1506 3307 ἐμήνυσεν
1550 3217 1638 3299 ῶς
1684 3222 2037 3308 φάρμακον
2092 3221 2232 3311 ε’ίην
2279 3218 2390 3288 ἐπ>
2446 3215 2654 3311 αὐτὴν

387 3335 462 3391 25
500 3318 885 3408 ἐωνημένος.
958 3324 1060 3386 25.
1094 3318 1422 3400 ἐξωσθεὶς
1468 3323 1539 3389 δὲ
1584 3323 1701 3391 ἐπὶ
1734 3323 2028 3412 κεφαλὴν
2072 3317 2255 3408 ὅμως
2299 3318 2454 3391 οὐδὲ
2496 3324 2656 3392 τότε

491 3415 808 3510 ἠπόρησα
850 3424 982 3486 τῶν
1029 3415 1432 3508 ἀναγκαίων,
1482 3419 1653 3491 ἀλλὰ
1699 3428 1811 3493 καὶ
1855 3426 2073 3514 ῥήτωρ
2121 3426 2293 3493 δοκῶ
2334 3420 2458 3494 κάν
2502 3439 2654 3506 ταῖς

493 3524 711 3603 δίκαις
755 3522 1143 3608 ἐξετάζομαι
1188 3524 1556 3610 προδιδοὺς
1599 3525 1684 3594 τὰ
1731 3527 1952 3595 πολλὰ
1990 3531 2102 3595 καὶ
2129 3527 2287 3608 τοὺς
2333 3528 2656 3609 δικαστὰς

491 3639 634 3704 τοῖς
666 3620 977 3715 ἀνοήτοις
1006 3627 1688 3713 καθυπισχνούμενος,
1718 3634 1833 3698 καὶ
1854 3628 2161 3720 ἡττῶμαι
2189 3631 2311 3715 μὲν
2339 3630 2426 3698 τὰ
2459 3635 2655 3700 πλεῖ·-

494 3749 648 3809 στα,
709 3729 776 3796 οἱ
821 3734 1119 3815 φοίνικες
1158 3729 1237 3800 δὲ
1284 3729 1400 3798 ἐπὶ
1445 3734 1529 3819 τῇ
1586 3732 1771 3820 θύρᾳ
1816 3736 2065 3819 χλωροὶ
2109 3737 2221 3800 καὶ
2267 3732 2655 3824 ἐστεφανω-

490 3833 713 3913 μένοι·
773 3830 1051 3910 τούτοις,
1089 3830 1215 3918 γᾶρ
1277 3830 1392 3899 ἐπὶ
1445 3831 1603 3912 τούς
1661 3834 2001 3917 δυστυχεῖς
2044 3838 2311 3919 χρῶμαι
2353 3849 2500 3915 τοῖς
2546 3837 2656 3904 δε-

495 3931 742 3999 λέασιν.
833 3930 1157 4003 ἀλλὰκαὶ
1217 3934 1292 4002 τὸ
1344 3940 1708 4021 μισεῖσθαι
1752 3934 1928 4022 πρὸς
1973 3932 2293 4005 ἀπάντων
2338 3941 2449 4006 καὶ
2498 3938 2653 4007 ἐπί-

492 4055 703 4122 σημον
761 4031 936 4103 εἶναί
992 4062 1076 4121 με
1135 4035 1252 4104 ἐπὶ
1308 4041 1390 4126 τῇ
1452 4042 1797 4127 μοχθηρίᾳ
1851 4041 1971 4106 τοῦ
2014 4038 2271 4126 τρόπου
2315 4042 2427 4107 καὶ
2471 4040 2651 4109 πολὺ
