2867 4525
490 273 616 332 288
1166 270 1546 325 ADNoTATlo
1584 270 1852 324 ch'rch.

703 449 951 513 accedat
994 448 1069 508 ad
1112 449 1407 507 notionem
1444 445 1670 524 placido
1715 447 1929 523 animo,
1977 444 2133 522 quod
2173 445 2411 521 quidem
2441 464 2478 504 a
2509 446 2666 505 Sile·

703 556 763 614 ni
804 552 1063 613 moribus
1109 555 1168 611 et
1209 551 1468 627 ingenio,
1514 549 1692 624 quale
1737 548 1885 608 alias
1935 547 2298 627 describitur,
2345 565 2464 608 non
2509 548 2668 607 alie-

703 674 842 715 num
889 658 994 732 est,
1040 647 1415 731 (gutmiitbig.)
1464 683 1544 694 -—
1589 652 1883 730 νεβρίδας
1929 649 2267 731 ἐνημμένοι
2300 645 2323 727 ΙΙ
2358 647 2449 709 cf.
2493 667 2552 708 c.
2596 654 2662 708 4.

704 793 788 801 -
845 761 1097 819 τοῦτο
1157 751 1225 817 δ’
1283 748 1552 833 εἰκάζειν
1605 759 1940 816 καλεῖσθαι
1999 748 2219 815 αὐτῶν
2263 746 2382 814 τὸν
2428 746 2660 814 δεσπό-

702 852 1098 939 τηνΙτοῦτο
1145 874 1257 916 om.
1305 846 1514 930 ὄνομα
1550 859 1615 913 ut
1641 871 1840 930 saepe.
1890 888 1974 897 -—
2019 854 2239 934 εἴπερ
2286 844 2436 933 ἄρα
2481 853 2661 929 ellip-

704 963 819 1021 tice
864 962 919 1019 si
958 957 1183 1038 quando
1229 960 1501 1035 impetum
1545 954 1821 1032 facerent.
1855 990 1938 999 —
1967 951 2118 1018 κα’κ
2164 961 2285 1018 τοῦ
2322 960 2660 1035 κεραυνοῦ

704 1058 727 1143 ΙΙ
762 1061 838 1124 ἐκ
884 1059 1049 1121 det.

496 1190 544 1226 fx.
620 1171 673 1224 4.
707 1158 1065 1245 δράκοντας
1092 1158 1553 1242 ὑπεζωσμέναι.
1603 1159 1802 1220 Verba
1830 1159 2121 1221 vestiendi
2150 1177 2280 1219 cum
2312 1159 2658 1218 accusativo

707 1269 1058 1326 constructa.
1103 1265 1344 1324 Hercul.
1379 1282 1431 1323 c.
1471 1269 1497 1324 1
1546 1258 1666 1342 τὴν
1711 1264 2025 1343 διφθέραν
2071 1263 2334 1342 ἐνῆπται
2363 1260 2514 1325 Adv.
2569 1263 2659 1320 in-

708 1369 944 1428 doctum
975 1385 1027 1427 c.
1068 1371 1162 1427 10.
1187 1372 1438 1448 χρυσῆν
1469 1360 1720 1444 δάφνην
1750 1370 2099 1445 περίκεισαι
2131 1362 2342 1426 Bacch.
2380 1381 2431 1422 c.
2471 1369 2521 1422 1.
2556 1385 2658 1425 νε-

702 1474 926 1552 βρίδας
983 1470 1325 1551 ἐνημμέναι
1376 1503 1461 1512 -
1517 1469 1688 1552 ἔργῳ
1744 1461 2067 1542 μαθόντες
2112 1508 2129 1525 .
2175 1516 2188 1529 .
2238 1515 2253 1529 .
2305 1466 2655 1546 στρατοπέ-

706 1576 839 1636 δων
872 1569 895 1649 ΙΙ
926 1572 1202 1632 Fortasse
1247 1589 1282 1630 a
1327 1570 1674 1647 scholiasta,
1734 1571 1834 1645 qui
1875 1566 1990 1628 sibi
2031 1568 2328 1645 placebat,
2374 1566 2654 1628 additum.

703 1675 919 1750 Utique
963 1692 1071 1752 pro
1119 1673 1305 1755 ἐχρῆν
1350 1672 1722 1733 scribendum
1767 1673 1828 1730 in
1870 1671 2136 1748 generali
2178 1673 2470 1731 sententia
2506 1668 2650 1755 χρὴ.

496 1798 548 1834 ε)...
624 1784 676 1837 5.
710 1780 977 1840 δοκοῦσι
1006 1825 1020 1840 .
1055 1825 1068 1840 .
1107 1818 1122 1834 .
1156 1820 1171 1835 .
1204 1768 1438 1851 ὅμοιόν
1480 1799 1542 1837 τι
1586 1768 1852 1852 πάσχειν
1897 1775 1960 1836 οἶ
2004 1776 2241 1836 πολλοὶ
2284 1769 2450 1853 πρὸς
2493 1770 2655 1850 τοὺς

703 1875 972 1954 καινοὺς
1025 1883 1161 1941 τῶν
1219 1872 1439 1955 λόγων
1495 1889 1634 1952 τοῖς
1690 1872 1901 1951 Ἰνδοῒς
1957 1876 2223 1952 ἐκείνοις
2278 1874 2358 1939 οἷ
2372 1898 2465 1939 ον
2522 1881 2655 1939 καὶ

703 1978 903 2064 πρὸς
946 1977 1133 2057 τοὺς
1179 1976 1418 2056 ἐμούς
1451 1975 1473 2060 ΙΙ
1503 1980 1624 2039 Aut
1660 1977 1836 2039 fallor
1867 1981 1968 2038 aut
1997 1984 2258 2039 extrema
2287 1979 2474 2039 verba
2503 1978 2654 2042 οἷον

703 2088 811 2146 καὶ
870 2079 1033 2165 πρὲς
1078 2078 1273 2159 ἐμούς
1316 2099 1458 2141 non
1505 2084 1677 2141 sunt
1717 2079 2034 2141 ferenda
2084 2079 2249 2141 det.
2340 2079 2656 2141 Continent

706 2188 859 2247 enim
904 2203 1146 2264 prorsus
1188 2185 1363 2263 idem,
1410 2183 1570 2260 quod
1613 2183 1785 2245 modo
1829 2187 1966 2244 ante
2010 2183 2246 2264 dictum,
2289 2183 2475 2244 simile
2517 2184 2658 2265 quid

705 2287 871 2348 nobis
927 2289 1130 2348 accidit
1180 2304 1287 2367 per
1342 2286 1807 2373 declamationes,
1865 2286 2014 2367 quod
2055 2285 2175 2347 illis
2222 2306 2327 2366 per
2369 2286 2654 2349 Bacchum

706 2387 904 2449 Indiae
941 2387 1172 2468 populo·
1261 2388 1581 2449 Abundant
1621 2390 1798 2466 igitur
1843 2392 1900 2448 et
1943 2393 2077 2450 sunt
2120 2390 2566 2450 exterminandi.

500 2514 548 2550 c.
620 2497 673 2554 6.
708 2485 1049 2573 ἐλεύθερον
1098 2485 1263 2572 α’κοή
1294 2490 1384 2552 cf.
1432 2493 1595 2552 triste
1637 2492 1832 2568 lupus.
1867 2525 1949 2535 —
1980 2495 2038 2555 εἰ
2063 2535 2080 2552 .
2115 2535 2129 2551 .
2158 2494 2422 2569 βλέποις
2453 2490 2476 2571 ΙΙ
2508 2494 2651 2570 βλέ-

705 2618 844 2670 πεις
885 2590 992 2659 AC
1039 2594 1199 2658 det.

1130 3014 1493 3083 LUGIANI
1539 3014 2015 3082 HERCULES.

813 3166 943 3229 Cod.
994 3167 1151 3229 Gorl.
1184 3196 1264 3219 =
1297 3170 1353 3231 A
1589 3169 1723 3230 Cod.
1773 3168 1953 3231 Marc.
2003 3174 2126 3231 434
2158 3198 2239 3221 =
2269 3165 2339 3230 Ω

500 3271 636 3331 ΕΜ,
682 3269 864 3331 Marc.
915 3274 1034 3331 436
1066 3297 1151 3320 =
1183 3267 1259 3329 Ψ
1630 3270 1764 3333 Cocl.
1820 3270 1940 3333 Vat.
1989 3277 2068 3333 90
2101 3299 2185 3323 -ε
2215 3268 2264 3331 Γ
2310 3270 2649 3352 (Gr-acuon),

624 3373 756 3436 Cod.
814 3371 1045 3435 Vindob.
1100 3377 1215 3435 123
1247 3400 1332 3424 ==
1362 3369 1413 3433 B
1673 3373 1810 3436 Cod.
1859 3374 2003 3437 Μαι.
2052 3394 2227 3456 usque
2269 3376 2345 3436 ad
2387 3394 2433 3435 c.
2469 3381 2526 3436 4.

496 3535 548 3571 c*
628 3518 675 3572 1.
707 3513 915 3593 γέρων
945 3562 959 3575 .
995 3561 1008 3575 .
1046 3511 1109 3586 ἐς
1151 3507 1229 3574 τὸ
1276 3507 1546 3590 ἔσχατον
1579 3506 1601 3591 ΙΙ
1635 3509 1714 3572 cf.
1757 3514 2150 3588 κεκαυμένος
2195 3513 2257 3588 ἐς
2301 3508 2378 3576 τὸ
2419 3510 2650 3589 μελάν-

705 3637 906 3678 τατον
962 3614 1288 3675 locutiones
1344 3613 1717 3675 adverbiales
1769 3633 1877 3693 pro
1942 3614 2258 3676 adverbiis.
2358 3616 2650 3677 Prolixior

708 3719 790 3789 (et
811 3716 1242 3793 neglegentior)
1265 3733 1458 3777 sermo
1493 3718 1792 3796 seriorum,
1822 3718 2060 3778 brevior
2081 3718 2166 3792 (et
2188 3720 2467 3791 severior)
2499 3720 2645 3778 anti-

709 3835 955 3892 quorum
1005 3854 1082 3862 —
1127 3813 1292 3898 τὴν
1348 3820 1825 3901 διφθέραν
1883 3820 2295 3898 ἐνῆπται
2349 3816 2470 3900 τὴν
2524 3827 2647 3884 τοῦ

709 3920 993 3994 λέοντος.
1055 3917 1144 3979 Of.
1177 3920 1397 3980 Bacch.
1430 3939 1483 3980 c.
1516 3922 1713 3985 4.add.
1745 3918 1864 3985 τὸν
1894 3917 2196 4003 γωρυτὸν
2226 3916 2639 4003 παρήρτηται.

708 4019 864 4081 Adv.
918 4019 1041 4080 ind.
1086 4039 1138 4080 c.
1183 4026 1274 4081 10.
1318 4055 1404 4065 —-
1448 4016 1635 4099 ὅλος
1669 4020 2036 4105 ἩρακλῆςΙΙ
2069 4018 2242 4100 ὅλως
2283 4020 2471 4088 ΑΨΓ
2474 4019 2541 4090 Β.
