2867 4525
430 318 554 377 162
1294 313 1703 381 [ΔΟΥΚΙΔΝΟΥ]

428 487 497 555 ἒν
561 499 712 564 ταῖς
768 494 1154 566 συνουσίαις
1209 486 1325 552 καὶ
1383 487 1561 552 πᾶσι
1612 494 1756 561 τοῖς
1814 479 2319 569 αἰσθητηρίοις,
2385 480 2589 570 μηδε-

427 588 541 670 νὸς
600 589 954 678 γενόμενον
1018 592 1153 656 τῶν
1218 585 1395 672 πρὸς
1449 581 1705 671 ὗγίειαν
1766 582 2030 669 ἐλλιπῆ.
2120 578 2491 661 Ἑλλάνικος
2548 578 2586 649 5

424 692 731 776 Λέσβιος
783 686 1189 777 ὀγδοήκοντα
1239 690 1352 756 καὶ
1395 691 1629 769 πέντε,
1683 687 1795 755 καὶ
1844 680 2298 775 Φερεκύδης*
2262 712 2297 753 ο
2344 685 2591 771 Σύριος
2696 710 2700 714 ·

426 792 682 880 ὁμοίως
737 791 1143 883 ὀγδοήκοντα
1197 794 1312 861 καὶ
1353 795 1574 858 πέντε.
1625 852 1630 855 .
1670 794 1955 874 Τίμαιος
1998 782 2034 855 5
2090 792 2588 876 Ταυρομενίτης
2658 821 2667 831 ·

427 895 504 975 ἓξ
540 896 654 963 καὶ
699 893 1104 985 ἐνενήκοντα.
1169 891 1690 983 Ἀριστόβουλος
1734 890 1809 957 δὲ
1854 885 1889 955 5
1935 887 2369 976 Κασανδρεύς
2410 884 2586 975 ὑπὲρ

425 995 511 1066 τὰ
546 997 957 1085 ,ἐνενήκοντα
1015 998 1127 1087 ἔτη
1187 999 1449 1084 λέγεται
1501 997 1928 1080 βεβιωκέναι,
1981 989 2102 1080 τὴν
2160 991 2463 1077 ἱστορίαν
2508 991 2584 1059 δὲ

423 1104 740 1187 τέταρτον
793 1102 908 1168 καὶ
964 1093 1406 1188 ὀγδοηκοστὸν
1462 1095 1610 1175 ἔτος
1662 1092 1947 1183 γεγονὼς
2002 1088 2251 1182 ἤρξατο
2297 1092 2582 1181 συγγρά-

423 1225 609 1289 φειν,
665 1197 762 1280 ὥς
819 1195 1018 1281 αύτὸς
1073 1201 1141 1269 ἐν
1187 1196 1356 1291 ἆρχῇ
1397 1202 1515 1290 τῆς
1557 1201 2022 1286 πραγματείας
2064 1197 2263 1283 λέγει.
2352 1196 2579 1264 Πολύ·
2601 1218 2694 1269 225

419 1309 571 1389 βιος
616 1303 688 1371 δὲ
731 1299 767 1371 5
798 1304 1123 1391 Λυκόρτα
1148 1302 1718 1391 Μεγαλοπολίτης
1762 1292 2054 1387 ἀγρόθεν
2100 1291 2409 1366 ἀνελθών
2448 1291 2575 1387 ἀφ’

421 1405 644 1474 ἵππου
700 1410 1030 1475 κατέπεσε
1083 1409 1196 1475 καὶ
1255 1404 1326 1472 ἐκ
1374 1403 1616 1471 τούτου
1674 1400 1967 1489 νοσήσας
2023 1394 2372 1469 ἇπέθανεν
2417 1400 2586 1469 ἐτῶν

423 1507 541 1575 δύο
583 1510 697 1577 καὶ
740 1504 1164 1596 ὀγδοήκοντα.
1245 1504 1651 1595 Ὑψικράτης
1695 1503 1768 1572 δὲ
1812 1498 1849 1571 5
1888 1496 2255 1591 Ἀμισηνὸς
2300 1526 2584 1592 συγγρα-

420 1609 587 1698 φεὺς
633 1609 746 1679 διὰ
792 1612 1066 1681 πολλῶν
1108 1608 1537 1700 μαθημάτων
1580 1600 1929 1693 γενόμενος
1973 1605 2086 1695 ἐ’τη
2133 1606 2251 1673 δύο
2294 1609 2408 1675 καὶ
2446 1606 2583 1677 ἐνε-

315 1723 395 1779 28
428 1711 729 1799 νήκοντα.
831 1718 934 1782 23.
981 1712 1277 1802 ρητόρων
1345 1711 1417 1778 δὲ
1484 1715 1803 1796 Γοργίας,
1870 1700 1948 1776 ὅν
2012 1732 2187 1786 τινες
2252 1709 2584 1799 σοφιστὴν

418 1815 756 1900 καλοῦσιν,
800 1813 913 1903 ἔτη
961 1812 1195 1881 ἑκατὸν
1240 1807 1442 1881 dm}-
1518 1813 1774 1901 τροφῆς
1816 1809 1890 1878 δὲ
1936 1804 2403 1897 ἀποσχόμενος
2445 1811 2587 1880 ἐτε-

420 1914 760 2002 λεύτησεν·
848 1912 925 1983 ὅν
983 1938 1194 2005 φασιν
1253 1915 1680 2003 ἐρωτηθέντα
1722 1910 1843 2000 τὴν
1890 1912 2115 1980 αἰτίαν
2159 1917 2278 1980 τοῦ
2320 1917 2583 1999 μακροῦ

415 2017 636 2104 γήρως
699 2020 811 2086 καὶ
874 2013 1165 2104 ῦγιεινοῦ
1229 2016 1298 2087 ἐν
1355 2019 1615 2094 πάσαις
1668 2030 1820 2094 ταῖς
1879 2014 2284 2101 αἰσθήσεσιν
2340 2015 2578 2099 εἰπεῖν,

421 2118 533 2187 διὰ
580 2119 656 2190 τὸ
701 2120 1044 2209 μηδέποτε
1089 2121 1741 2207 συμπεριενεχθῆναι
1785 2130 1936 2197 ταῖς
1982 2113 2202 2186 ἄλλων
2248 2110 2577 2201 εὐωχίαις.

410 2214 787 2311 Ἰσοκράτης
846 2222 921 2302 ἓξ
969 2224 1081 2291 καὶ
1126 2215 1514 2308 ἐνενήκοντα
1560 2220 1671 2309 ἔτη
1716 2218 2004 2308 γεγονώς
2046 2218 2165 2288 τὸν
2208 2244 2576 2309 πανηγυρι-

417 2323 533 2391 κὸν
592 2325 842 2412 ἔγραφε
895 2323 1122 2409 λόγον,
1181 2327 1338 2411 περὶ
1394 2323 1507 2411 ἔτη
1569 2324 1642 2391 δὲ
1699 2321 1849 2400 ἑνὸς
1906 2317 2289 2390 ἀποδέοντα
2346 2320 2576 2390 ἑκατὸν

413 2423 701 2512 γεγονὼς
744 2421 834 2504 ὥς
876 2421 1136 2515 ᾔσθετο
1159 2418 1577 2516 Ἀθηναίους
1618 2422 1755 2493 ὗπό
1792 2427 2149 2492 Φιλίππου
2196 2423 2264 2492 ἐν
2299 2428 2385 2515 τῇ
2415 2428 2575 2511 περὶ

415 2526 843 2610 Χαιρώνειαν
893 2526 1068 2616 μάχῃ
1124 2533 1614 2618 νενικημένους,
1681 2525 2140 2612 ποτνιώμενος
2194 2525 2313 2594 τὸν
2367 2521 2568 2612 Εὖρι-
2589 2536 2687 2586 226

414 2629 684 2700 πίδειον
730 2636 954 2714 στίχον
997 2635 1453 2719 προηνέγκατο
1500 2629 1598 2709 εἷς
1642 2628 1878 2696 ἑαυτὸν
1924 2623 2298 2718 ἀναφέρων,

771 2726 1100 2800 Σιδώνιόν
1144 2726 1302 2800 ποτ’
1356 2728 1523 2799 ἄστυ
1567 2731 1849 2817 Κάδμος
1895 2730 2223 2800 ἐκλιπών·

412 2835 523 2900 καὶ
579 2832 883 2903 ἐπειπών
939 2833 1030 2914 ὥς
1088 2835 1431 2904 δουλεύσει
1496 2830 1536 2922 ἥ
1590 2830 1848 2916 Ἑλλάς,
1905 2831 2173 2912 ἐξέλιπε
2227 2831 2345 2900 τὸν
2398 2838 2573 2918 βίον.

406 2932 925 3021 Ἀπολλόδωρος
990 2938 1063 3004 δὲ
1119 2937 1155 3004 5
1214 2934 1657 3025 Περγαμηνὸς
1720 2935 1944 3024 ῥήτωρ
2000 2938 2173 3002 θεοῦ
2225 2939 2574 3022 Καίσαρος

413 3040 744 3120 σεβαστοῦ
804 3036 1206 3116 διδάσκαλος
1260 3038 1613 3124 γενόμενος
1663 3040 1775 3106 καὶ
1822 3037 1940 3105 σὺν
1975 3031 2432 3126 Ἀθηνοδώρῳ
2476 3039 2574 3123 τῷ

419 3145 669 3222 Ταρσεῖ
710 3137 1074 3226 φιλοσόφῳ
1118 3139 1493 3217 παιδεύσας
1537 3133 1740 3207 αὖτόν
1786 3139 1975 3229 ἔζησε
2000 3134 2213 3207 ταῦτὰ
2241 3143 2335 3227 τῷ
2360 3133 2575 3228 Ἀθη-

413 3231 717 3324 νοδιόρῳ,
778 3238 890 3328 ἔτη
950 3233 1357 3328 ὀγδοήκοντα
1416 3240 1558 3310 δυο.
1644 3242 1986 3328 Ποτάμων
2043 3242 2116 3309 δὲ
2172 3235 2288 3309 οὐκ
2332 3237 2575 3321 αδοξος

302 3349 381 3406 24
416 3338 635 3428 ῥήτωρ
701 3339 812 3430 ε’τη
895 3336 1294 3430 ἐνενήκοντα.
1395 3348 1497 3410 24.
1544 3345 1889 3435 Σοφοκλῆς
1954 3340 1990 3410 5
2062 3343 2575 3431 τραγῳδοποιὸς

408 3444 580 3530 ῥᾶγα
627 3435 970 3533 σταφυλῆς
1013 3445 1361 3513 καταπιών
1409 3439 1749 3535 ἀπεπνίγη
1797 3450 1998 3514 πέντε
2039 3449 2150 3515 καὶ
2182 3446 2572 3536 ενενήκοντα

409 3545 677 3634 ζήσας’
656 3546 790 3635 ε’τη.
871 3540 1066 3625 οὗτος
1109 3544 1244 3615 ὑπὸ
1287 3541 1642 3637 Ἰοφῶντος
1682 3552 1803 3617 τοῦ
1845 3549 2025 3627 υἱέος
2068 3547 2185 3616 επὶ
2229 3550 2408 3617 τέλει
2451 3553 2573 3615 τοῦ

404 3655 559 3735 βίου
617 3655 997 3737 παρανοίας
1050 3649 1434 3736 κρινόμενος
1488 3645 1738 3738 ἆνέγνω
1793 3665 1938 3730 τοῖς
1988 3652 2335 3730 δικασταῖς
2379 3650 2577 3719 Οἰδί-

407 3775 583 3817 πουν
626 3750 743 3820 τὸν
790 3751 907 3820 ἐπὶ
951 3754 1277 3845 Κολωνῷ,
1327 3753 1865 3839 ἐπιδεικνύμενος
1910 3752 2020 3820 διὰ
2066 3756 2187 3820 τοῦ
2232 3753 2577 3839 δράματος

406 3844 598 3930 ὅπως
640 3851 757 3920 τὸν
787 3857 942 3921 νοῦν
985 3849 1291 3940 ὗγιαίνει,
1336 3856 1426 3936 ὡς
1470 3855 1625 3936 τοὺς
1672 3852 1990 3934 δικαστὰς
2032 3854 2150 3922 τὸν
2192 3855 2316 3942 μὲν
2354 3851 2686 3940 ὓπερ-226

406 3951 796 4038 θαυμάσαι,
855 3964 1482 4046 καταψηφίσασθαι
1540 3959 1611 4026 δὲ
1667 3961 1787 4026 τοῦ
1840 3958 1993 4025 υἱοῦ
2047 3951 2253 4025 αὐτοῦ
2294 3963 2571 4043 μανίαν.

297 4065 374 4120 25
412 4062 514 4123 25.
562 4062 894 4143 Κρατῖνος
939 4057 1010 4124 δὲ
1054 4054 1088 4126 5
1138 4063 1256 4149 τῆς
1298 4060 1655 4147 κωμῳδίας
1699 4060 1984 4150 ποιητὴς
2014 4059 2188 4128 ἑπτὰ
2218 4060 2393 4146 πρὸς
2421 4075 2573 4139 τοῖς
