2867 4525
521 300 562 356 4
1414 297 1792 351 ΔΟΥΚῙΑΝΟΥ

525 469 657 536 ἐκεῖ
713 468 785 535 δὲ
843 466 961 554 τὴν
1018 468 1140 551 μὲν
1183 475 1394 555 Δίκην
1443 462 1861 557 ἀποκληροῦν
1907 472 2109 555 σφίσι
2150 465 2234 533 τὰ
2281 466 2686 555 δικαστήρια

521 569 689 638 κατὰ
737 569 934 653 λόγον
975 574 1109 637 τῶν
1153 569 1547 659 τιμημάτων
1593 569 1663 649 ἐξ
1700 566 2020 636 ἁπάντων
2041 563 2450 657 Ἀθηναίων.
2518 559 2686 635 εἶδέ

522 698 626 751 τις
672 668 902 740 άδικον
947 673 1162 740 οἴοιτο
1214 676 1621 761 γεγενῆσθαι
1676 671 1796 759 τὴν
1856 677 2108 756 κρίσιν,
2163 670 2411 750 ἐξεῖναι
2455 670 2688 761 ἐφέντι

525 772 636 843 ἐπ’
689 773 804 859 ἐμὲ
849 775 1249 856 δικάζεσθαι
1294 774 1367 854 ἐξ
1406 771 1727 864 ὑπαρχῆς,
1773 770 1866 853 ὥς
1911 774 1971 841 εἰ
2013 773 2182 862 μηδὲ
2224 773 2301 840 τὸ
2348 773 2689 858 παράπαν

526 876 929 958 ἐδεδίκαστο,
1030 877 1110 945 σὺ
1169 877 1273 960 δέ,
1342 860 1396 942 ὦ
1454 876 1781 963 θύγατερ,
1842 877 2255 964 καθεζομένη
2315 875 2505 962 παρὰ
2562 875 2691 954 τὰς

526 979 775 1064 σεμνὰς
831 977 1007 1057 θεὰς
1060 973 1447 1069 ἀποκλήρου
1502 978 1626 1057 τὰς
1695 979 1883 1057 δίκας
1938 982 2049 1046 καὶ
2110 978 2472 1046 ἐπισκόπει
2528 977 2691 1056 τοὺς

527 1083 934 1163 δικάζοντας.

455 1196 492 1249 5
699 1193 758 1253 5.
804 1190 1064 1252 AIKH.
1132 1170 1372 1262 Αῦθις
1417 1183 1486 1263 ἐς
1528 1182 1648 1271 τὴν
1685 1186 1822 1271 γῆν,
1868 1177 1955 1251 ἵν’
2009 1182 2479 1269 ἐξελαυνομένη
2514 1180 2693 1265 πρὸς

526 1282 745 1354 αῦτῶν
789 1279 1180 1371 δραπετεύω
1226 1285 1438 1354 πάλιν
1483 1285 1553 1352 ἐκ
1595 1289 1717 1354 τοῦ
1758 1291 1913 1370 βίου
1957 1285 2078 1374 τὴν
2104 1279 2411 1353 Ἀδικίαν
2457 1282 2693 1369 ἐπιγε-

525 1391 749 1456 λῶσαν
794 1383 870 1456 οὗ
918 1394 1259 1477 φέρουσα,·

694 1495 945 1559 ΖΕΥΣ.
1001 1489 1286 1579 Χρηστὰ
1346 1489 1645 1571 ἐλπίζειν
1699 1512 1776 1556 σε
1834 1491 1968 1558 δεῖ·
2057 1489 2331 1567 πάντως
2381 1487 2506 1574 γὰρ
2558 1481 2692 1576 ἤδη

526 1600 932 1661 πεπείκασιν
978 1592 1217 1673 αὐτοὺς
1276 1594 1343 1661 οἶ
1389 1593 1765 1682 φιλόσοφοι
1819 1592 1896 1659 σὲ
1947 1595 2065 1679 τῆς
2101 1586 2403 1669 Ἀδικίας
2446 1615 2698 1675 προτι-

522 1699 688 1779 μᾶν,
744 1697 858 1764 καὶ
913 1695 1211 1780 μάλιστα
1264 1692 1299 1762 ὅ
1348 1698 1469 1762 τοῦ
1511 1701 1991 1783 Σωφρονίσκου
2047 1693 2124 1762 τὸ
2174 1694 2434 1761 δίκαιον
2477 1688 2698 1776 ὕπερ-

526 1803 893 1876 επαινέσας
936 1802 1050 1866 καὶ
1098 1792 1379 1886 ἀγαθῶν
1423 1796 1501 1864 τὸ
1548 1802 1862 1884 μέγιστον
1909 1791 2292 1885 ἀποφήνας.

693 1906 880 1966 ΔΙΚ.
940 1899 1135 1966 Πάνυ
1191 1903 1348 1986 γοῦν
1408 1894 1611 1967 αὐτὸν
1665 1898 1742 1967 ὃν
1801 1899 1935 1989 φὴς
1991 1898 2237 1966 ἐκεῖνον
2298 1893 2561 1984 ὤνησαν
2622 1899 2697 1964 οἱ

527 2005 685 2083 περὶ
745 2000 906 2085 ἐμοῦ
952 2001 1170 2087 λόγοι,
1231 2001 1307 2080 ὃς
1363 2003 1795 2087 παραδοθεὶς
1851 2013 1997 2080 τοῖς
2042 2000 2271 2068 ἕνδεκα
2324 2004 2438 2068 καὶ
2496 1999 2563 2078 ἐς
2608 1999 2692 2068 τὸ

527 2102 981 2192 δεσμωτήριον
1041 2103 1351 2188 ἐμπεσὼν
1408 2103 1599 2171 ἔπιεν
1663 2100 1911 2182 ἅθλιος
1965 2107 2087 2170 τοῦ
2141 2110 2449 2186 κωνείου,
2515 2103 2697 2191 μηδὲ
2716 2120 2798 2170 798

526 2205 643 2275 τὸν
701 2199 1105 2290 ἀλεκτρυόνα
1158 2209 1258 2293 τῷ
1307 2199 1701 2295 Ἀσκληπιῷ
1759 2202 2240 2286 ἀποδεδωκώς·
2327 2206 2518 2292 παρὰ
2572 2231 2700 2273 το-

528 2312 765 2377 σοῦτον
824 2305 1189 2393 ὑπερέσχον
1246 2310 1313 2376 οἱ
1364 2309 1721 2399 κατήγοροι
1774 2305 2100 2378 τάναντία
2145 2313 2304 2395 περὶ
2348 2313 2467 2395 τῆς
2503 2303 2701 2377 Ἀδι-

528 2418 680 2490 κίας
725 2413 1281 2501 φιλοσοφοῦντες.

457 2524 496 2578 6
703 2519 762 2580 6.
808 2518 1060 2580 ΖΕΥΣ.
1103 2516 1284 2587 Ξένα
1329 2514 1429 2582 ἔτι
1473 2528 1617 2593 τοῖς
1661 2517 1942 2593 πολλοῖς
1985 2513 2070 2581 τὰ
2115 2516 2234 2598 τῆς
2269 2516 2701 2602 φιλοσοφίας
2838 2414 2844 2672 d

526 2602 607 2704 ἦν
651 2616 835 2697 τότε,
897 2618 1012 2682 καὶ
1069 2609 1286 2703 ὀλίγοι
1329 2602 1502 2706 ἦσαν
1559 2618 1625 2684 οἱ
1671 2618 2236 2706 φιλοσοφοῦντες,
2294 2611 2468 2682 ὥστε
2514 2614 2700 2682 εἰκό-

526 2744 660 2798 τως
718 2718 786 2798 ἐς
837 2717 956 2786 τὸν
986 2713 1267 2785 ’Άνυτον
1311 2721 1423 2786 καὶ
1470 2721 1788 2806 Μέλητον
1848 2719 2090 2804 ἔρρεπε
2132 2716 2214 2784 τὰ
2264 2717 2700 2803 δικαστήρια·
2838 2692 2840 2811 A

527 2820 604 2888 τὸ
667 2821 741 2887 δε
797 2828 909 2887 νῦν
967 2818 1141 2888 εἶναι
1198 2815 1313 2904 οὐχ
1370 2817 1535 2910 ὁρᾷς
1591 2819 1745 2889 ὅσοι
1798 2828 2118 2909 τρίβωνες
2171 2823 2283 2887 καὶ
2333 2825 2706 2907 βακτηρίαι
2836 2830 2838 2953 A

527 2925 641 2990 καὶ
687 2925 935 3009 πῆραι,·
991 2918 1383 3004 ἁπανταχοῦ
1440 2916 1689 3010 πώγων
1740 2921 1966 3009 βαθὺς
2016 2924 2125 2989 καὶ
2184 2924 2448 3007 βιβλίον
2495 2921 2563 2989 ἐν
2609 2925 2702 3010 τῇ

530 3018 883 3112 ἀριστερᾷ,
942 3026 1055 3091 καὶ
1112 3023 1363 3102 πάντες
1405 3020 1580 3113 ὗπὲρ
1626 3030 1748 3094 σοῦ
1794 3028 2278 3115 φιλοσοφοῦσι,
2334 3028 2572 3109 μεστοὶ
2620 3026 2699 3092 δὲ

529 3127 596 3193 οἱ
641 3132 1014 3210 περίπατοι
1056 3124 1227 3192 κατὰ
1273 3127 1427 3206 ἰ’λας
1465 3131 1580 3195 καὶ
1611 3128 1959 3217 φάλαγγας
1991 3125 2307 3217 ἀλλήλοις
2337 3119 2696 3193 ἀπαντών-

526 3254 681 3309 των,
726 3231 839 3294 καὶ
885 3222 1106 3307 οὐδεὶς
1150 3220 1338 3307 ὅστις
1384 3224 1461 3296 οὗ
1518 3230 1852 3319 τρόφιμος
1907 3234 2027 3318 τῆς
2074 3224 2313 3318 ἀρετῆς
2356 3225 2531 3295 εἶναι
2577 3229 2702 3295 δο-

524 3344 665 3398 κεῖν
707 3331 1054 3416 βούλεται·
1114 3331 1356 3397 πολλοὶ
1410 3335 1570 3418 γοῦν
1621 3332 1745 3409 τὰς
1787 3338 2019 3416 τέχνας
2064 3326 2345 3420 ἀφέντες
2389 3329 2470 3409 ἃς
2516 3326 2703 3413 εἶχον

526 3438 727 3515 τέως,
777 3432 894 3499 ἐπὶ
936 3430 1057 3515 τήν
1102 3427 1327 3519 πήραν
1383 3428 1659 3521 ᾄξαντες
1713 3440 1825 3501 καὶ
1883 3434 1959 3503 τὸ
2008 3434 2395 3523 τριβώνιον,
2453 3436 2567 3501 καὶ
2613 3433 2697 3500 τὸ

530 3538 727 3620 σῶμα
771 3532 946 3618 πρὸς
987 3531 1106 3602 τὸν
1149 3532 1339 3622 ἥλιον
1370 3532 1439 3612 ἐς
1480 3533 1555 3602 τὸ
1590 3536 2025 3606 Αἰθιοπικὸν
2071 3535 2546 3621 ἐπιχράναντες
2580 3529 2703 3602 αἰ·-

527 3637 865 3719 τοσχέδιοι
923 3635 1296 3723 φιλόσοφοι
1353 3633 1423 3702 ἐκ
1469 3639 1893 3724 σκυτοτόμων
1952 3630 1994 3728 ἢ
2038 3638 2362 3706 τεκτόνων
2417 3662 2702 3725 περινο-

529 3740 766 3805 στοῦσι
811 3738 886 3804 σὲ
930 3740 1043 3804 καὶ
1098 3738 1218 3823 τὴν
1265 3736 1385 3829 σήν
1442 3736 1682 3827 ἀρετὴν
1740 3741 2194 3819 ἐπαινοῦντες.
2289 3736 2464 3807 ὥστε
2519 3740 2700 3807 κατὰ

527 3838 648 3924 τὴν
693 3845 1103 3926 παροιμίαν,
1150 3845 1411 3909 θᾶττον
1472 3836 1553 3908 ἀν
1596 3866 1700 3921 τις
1745 3842 1814 3910 ἐν
1859 3844 2080 3930 πλοίῳ
2125 3840 2353 3909 πεσὼν
2401 3841 2701 3927 διαμάρ-

527 3966 637 4008 τοι
680 3936 876 4020 ξύλου
920 3931 962 4031 ἢ
1007 3942 1181 4010 ἔνθα
1226 3934 1308 4011 ἀν
1354 3938 1568 4032 ἀπίδῃ
1609 3942 1644 4012 ὁ
1691 3939 2077 4035 ὀφθαλμός,
2126 3939 2458 4030 ἀπορήσει
2488 3946 2753 4032 φιλο-7

530 4067 772 4134 σοφου.
