2867 4525
1131 318 1506 370 ΑΝΑΧΑΡΣΙΣ.
2314 318 2393 376 67

235 489 639 571 Λυκοῦργον
683 488 794 552 καὶ
838 499 1190 573 μαστιγοῖς
1233 485 1389 564 τοὺς
1429 491 1650 570 νέους,·
1691 486 1859 553 καλὰ
1890 485 2015 574 γὰρ
2046 491 2156 554 καὶ
2189 491 2399 554 ταῦτα

237 590 358 653 καὶ
405 583 561 665 ἄξια
606 583 789 672 ὑμῶν
837 587 1035 655 ἐστιν.

132 700 218 751 921
417 693 636 757 ΣΟΛ.
724 681 876 757 (Ότι
940 689 1100 779 ἡμῖν
1169 690 1392 771 ἱκανά,
1467 674 1521 754 ὦ
1578 682 1971 774 Ἀνάχαρσι,
2038 696 2248 759 ταῦτα
2314 695 2398 759 τὰ

224 790 578 875 γυμνάσια
644 791 858 860 οἰκεῖα
923 788 1116 859 ὄντα·
1218 794 1453 878 ζηλοῦν
1522 790 1593 857 δὲ
1657 792 1741 856 τὰ
1810 790 2029 870 ξενικὰ
2086 790 2161 860 οὐ
2220 789 2397 862 πάνυ

235 885 578 977 ἀξιοῦμεν.

411 997 727 1061 ΑΝΑΧ.
813 990 965 1077 Ουκ,
1014 990 1184 1062 ἀλλὰ
1231 1001 1476 1083 συνίης,
1524 991 1734 1079 οἶμαι,
1781 991 1924 1063 οἶόν
1970 1003 2038 1063 τί
2081 996 2224 1065 ἐστι
2266 1025 2398 1081 μα-

222 1100 652 1182 στιγοῦσθαι
716 1096 961 1182 γυμνὸν
1024 1094 1162 1165 ἅνω
1229 1098 1353 1176 τὰς
1404 1110 1628 1183 χεῖρας
1688 1096 2058 1184 ἐπαίροντα
2113 1100 2397 1188 μηδενὸς

241 1197 435 1264 ένεκα
490 1193 839 1287 ὠφελίμου
891 1189 933 1287 ἢ
991 1193 1173 1286 αἰτῳ
1228 1199 1483 1286 ἑκάστῳ
1539 1188 1581 1285 ἢ
1636 1203 1822 1287 κοινῇ
1865 1202 1950 1288 τῇ
1995 1200 2216 1269 πόλει.
2306 1199 2399 1281 ὥς

241 1299 450 1386 ἑγωγε
501 1297 583 1389 ἤν
641 1327 812 1369 ποτε
871 1299 1266 1388 ἐπιδημήσω
1322 1304 1403 1386 τῇ
1447 1300 1758 1388 Σπάρτῃ,
1816 1295 1970 1367 καθ’
2037 1300 2113 1369 ὃν
2167 1303 2397 1390 καιρὸν

232 1407 453 1469 ταῦτα
512 1404 754 1490 δρῶσι,
816 1406 988 1471 δοκῶ
1042 1430 1162 1489 μοι
1217 1404 1501 1488 τάχιστα
1550 1405 2235 1491 καταλευσθήσεσθαι
2280 1407 2397 1496 δη-

232 1511 452 1594 μοσίᾳ
529 1506 703 1591 πρὸς
780 1500 1028 1587 αὐτῶν,
1108 1506 1433 1594 ἐπιγελῶν
1508 1506 1847 1587 ἑκάστοις,
1927 1501 2186 1574 οπόταν
2257 1505 2397 1593 οριῦ

230 1612 696 1691 τυπτομένους
752 1608 1071 1694 καθάπερ
1120 1612 1410 1687 κλέπτας
1471 1597 1512 1696 ἢ
1559 1607 1954 1685 λωποδύτας
2008 1603 2052 1697 ἤ
2106 1632 2175 1674 τι
2231 1603 2394 1677 ἄλλο

196 1713 548 1777 ’τοιοῦτον
601 1709 1105 1797 ἐργασαμένους.
1195 1710 1484 1794 ἀτεχνῶς
1538 1707 1665 1796 γὰρ
1722 1708 2072 1795 ἐλλεβόρου
2119 1711 2395 1779 δεῖσθαι’

230 1836 355 1896 μοι
412 1812 597 1879 δοκεῖ
645 1809 683 1898 ἡ
745 1812 946 1892 πόλις
1002 1807 1222 1879 αἰτῶν
1281 1807 1455 1879 οἵτω
1510 1814 1959 1898 καταγέλαστα
2015 1808 2123 1900 ὑφ’
2190 1808 2396 1902 αὑτῆς

232 1913 615 1996 πάσχουσα.

409 2023 515 2084 40.
560 2020 777 2084 ΣΟΛ.
852 2016 974 2104 Μὴ
1025 2016 1288 2106 ἐρήμην,
1336 2003 1389 2083 α’
1433 2031 1710 2103 γενναῖε,
1754 2017 1923 2106 μηδὲ
1960 2020 2094 2084 τιῖν
2131 2010 2483 2104 ἆνδριῦνΜ)

233 2111 555 2185 ἆπόντων
596 2120 802 2203 μόνος
846 2114 1047 2198 αὐτὸς
1093 2121 1297 2206 λέγων
1343 2120 1491 2187 οἵου
1535 2134 1827 2206 κρατεῖν·
1903 2119 2093 2187 ἔσται
2134 2119 2259 2206 γάρ
2290 2143 2395 2197 τις

233 2216 267 2289 ὅ
317 2225 435 2288 καὶ
491 2217 663 2307 ὑπὲρ
723 2220 987 2290 ἐκείνων
1044 2245 1153 2289 σοι
1209 2221 1293 2290 τὰ
1352 2222 1577 2289 εἰκότα
1630 2222 1698 2290 ἐν
1741 2221 2017 2311 Σπάρτῃ
2078 2215 2390 2307 ἀντερῶν.

231 2322 414 2409 πλὴν
473 2318 611 2390 ἀλλ’
677 2323 959 2411 ἐπείπερ
1015 2324 1141 2411 ἐγὼ
1182 2324 1266 2392 τὰ
1311 2323 1602 2416 ἡμέτερά
1648 2348 1758 2394 σοι
1803 2325 2260 2414 διεξελήλυθα,
2309 2324 2389 2390 σὺ

233 2425 308 2492 δὲ
368 2420 445 2493 οὗ
504 2426 683 2493 πάνυ
741 2420 1159 2514 ἀρεσκομένῳ
1213 2422 1441 2506 αὐτοῖς
1486 2428 1736 2509 ἔοικας,
1797 2422 1911 2495 οὐκ
1958 2422 2154 2494 ἄδικα
2202 2425 2390 2514 αἰτή-

232 2549 382 2594 σειν
426 2527 607 2594 ’έοικα
651 2527 838 2614 παρὰ
887 2533 1008 2596 σοῦ
1053 2527 1144 2609 ὥς
1186 2539 1294 2596 καὶ
1342 2525 1541 2607 αὐτὸς
1586 2529 1654 2597 ἐν
1696 2533 1794 2616 τῷ
1821 2535 2011 2616 μέρει
2041 2528 2390 2616 διεξέλθῃς

228 2629 414 2712 πρός
454 2655 536 2714 με
581 2629 658 2697 ὂν
702 2631 957 2714 τρόπον
1002 2629 1190 2716 ὑμεῖς
1235 2633 1301 2698 οἱ
1345 2631 1610 2698 Σκύθαι
1655 2631 1987 2698 διασκεῖτε
2013 2631 2171 2708 τοὺς
2202 2635 2389 2708 νέους

225 2753 392 2805 τοῖς
447 2756 590 2817 παρ
667 2728 824 2816 υμῖν
881 2735 994 2800 καὶ
1055 2733 1308 2801 οἷστισι
1362 2739 1757 2821 γυμνασίοις
1813 2727 2221 2821 ἀνατρέφετε
2275 2735 2386 2799 καὶ

224 2856 423 2909 οπως
467 2828 621 2916 ἱμῖν
668 2829 901 2920 ἄνδρες
945 2829 1199 2922 άγαθοὶ
1244 2842 1601 2936 γίγνονται.

128 2951 208 3002 922
378 2937 686 3002 ΑΝΑΧ.
773 2937 1192 3005 Δικαιότατα
1250 2938 1371 3022 μὲν
1418 2934 1566 3019 οὖν,
1615 2962 1653 3002 α
1709 2934 1971 3017 Σόλων,
2029 2939 2140 3003 καὶ
2186 2935 2388 3023 ε’γωγε

227 3035 635 3126 διηγήσομαι
677 3065 763 3104 τα
798 3042 1091 3106 μ’Σκυθον
1134 3034 1406 3125 νόμιμα,
1457 3064 1531 3105 ου
1579 3060 1787 3124 σεμνα
1832 3038 1999 3117 ἰ’σως
2045 3033 2197 3106 ουδὲ
2225 3031 2378 3105 καθ’

224 3133 433 3221 υμᾶς,
487 3140 558 3206 οί
602 3166 676 3227 γε
732 3137 886 3207 οὐδὲ
940 3167 1108 3207 κατα
1163 3141 1401 3230 κόρρης
1448 3144 1889 3228 παταχθῆναι
1932 3142 2386 3230 τολμήσαιμεν

227 3266 309 3306 αν
366 3246 532 3325 μίαν
590 3244 875 3340 πληγήν·
968 3243 1178 3311 δειλοὶ
1221 3243 1347 3330 γάρ
1395 3243 1624 3328 ἐσμεν·
1714 3238 1884 3310 ἀλλὰ
1930 3238 2269 3330 εἰρήσεταί
2309 3268 2384 3330 γε

227 3339 442 3411 οποῖα
490 3369 571 3409 αν
612 3370 670 3430 ῃ.
747 3344 843 3422 εἰς
889 3341 1121 3430 αῗριον
1164 3351 1425 3430 μέντοι,
1473 3345 1531 3412 εἰ
1578 3346 1805 3427 δοκεῖ,
1838 3342 2386 3429 υπερβαλιόμεθα

225 3444 346 3532 τὴν
401 3451 790 3527 συνουσίαν,
849 3442 940 3523 ὥς
999 3440 1041 3512 ἃ
1094 3473 1167 3514 τε
1228 3441 1426 3525 αύτός
1483 3446 1651 3536 έφης
1707 3446 1805 3514 έτι
1860 3449 2115 3531 μᾶλλον
2160 3444 2384 3529 ἐννοή-

230 3570 427 3631 σαιμι
471 3540 625 3613 καθ’
675 3543 950 3633 ἡσυχίαν
996 3541 1039 3614 ά
1080 3574 1153 3615 τε
1179 3549 1298 3635 χρὴ
1334 3548 1551 3616 εἰπεῖν
1585 3548 2023 3635 συναγάγοιμι
2050 3551 2133 3637 τῇ
2162 3547 2382 3636 μνήμῃ

232 3647 569 3715 ἐπελθών.
657 3648 732 3716 τὸ
794 3651 869 3716 δὲ
921 3654 1037 3718 νῖν
1081 3650 1226 3734 ἕχον
1275 3644 1583 3734 απίωμεν
1630 3651 1745 3717 ἐπὶ
1791 3646 2083 3732 τούτοις,
2130 3648 2384 3736 εσπέρα

227 3750 355 3839 γὰρ
400 3746 544 3841 ἤδη·

1100 3928 1510 3937 ———-—
