2867 4525
384 293 465 352 96
1279 290 1659 344 ΔΟΥΚΙΑΝΟΥ

379 467 501 550 τῆς
544 461 775 541 νυκτὸς
816 461 1084 549 περιῄει
1114 462 1183 529 ἓν
1210 461 1424 549 κύκλῳ
1468 459 1588 546 τὴν
1626 454 1833 548 αὖλὴν
1874 456 1911 526 6
1960 453 2209 537 ἅθλιος
2238 457 2542 536 ἐξελθεῖν

385 561 462 633 οὗ
508 564 871 650 δυνάμενος
914 563 1146 650 ὥσπερ
1177 564 1245 642 ἐς
1274 563 1686 648 λαβύρινθον
1721 560 2055 646 ἐμπεσών,
2101 556 2255 647 ἄχρι
2299 559 2381 645 δὴ
2427 586 2545 627 κα·-

381 666 693 757 τελήφθη
739 666 904 750 ἔχων
952 664 1037 733 τὰ
1084 666 1312 755 φώρια
1338 670 1691 753 γενομένης
1731 668 1851 753 τῆς
1892 659 2164 747 ἡμέρας.
2234 665 2357 728 καῖ
2389 662 2547 729 τότε

382 771 506 855 μὲν
538 767 796 857 πληγὰς
826 763 943 835 οῦκ
971 764 1203 855 ὀλίγας
1232 768 1466 852 ε’λαβεν
1510 765 1732 850 ἁλούς,
1778 762 1855 832 οὗ
1885 763 2101 832 πολυν
2129 765 2201 832 δὲ
2234 763 2544 848 επιβιοὺς
2565 776 2628 827 49

382 870 619 958 χρόνον
677 868 876 949 κακὸς
929 874 1142 949 κακῶς
1200 866 1513 938 ἀπέθανε
1567 868 2122 955 μαστιγούμενος,
2189 862 2284 944 ὦς
2344 866 2543 953 ελεγε,

385 971 554 1039 κατὰ
584 970 707 1060 τὴν
734 972 935 1040 νύκτα
979 971 1280 1061 ἑκάστην,
1326 965 1502 1039 ὥστε
1529 974 1641 1039 καὶ
1668 972 2018 1056 μώλωπας
2043 970 2112 1048 ἐς
2153 968 2273 1056 τὴν
2312 968 2547 1036 ἐπιοῦ-

388 1095 514 1139 σαν
558 1079 937 1159 φαίνεσθαι
981 1074 1185 1142 αὐτοῦ
1229 1073 1346 1142 ἐπὶ
1391 1077 1512 1140 τοῦ
1558 1074 1887 1159 σώματος.
1974 1071 2151 1157 πρὸς
2192 1075 2437 1153 ταῦτα,
2492 1056 2548 1135 αἶ

395 1174 707 1263 Τυχιάδη,
745 1181 860 1246 καὶ
888 1174 1008 1245 τὸν
1035 1178 1326 1259 Πέλιχον
1357 1179 1625 1243 σκῶπτε
1652 1170 1823 1260 κάμὲ
1850 1198 2084 1261 ωσπερ
2113 1178 2235 1241 τοῦ
2264 1179 2549 1252 Μίνωος

388 1271 746 1365 ἡλικιώτην
790 1284 1214 1364 παραπαίειν
1259 1272 1385 1366 ἤδη
1432 1278 1633 1346 δόκει.
1714 1269 1921 1359 Ἀλλ’,
1975 1263 2032 1343 ώ
2075 1272 2424 1362 Εὔκρατες,
2468 1262 2550 1362 ἦν

390 1371 455 1445 6'
509 1378 654 1466 ἐγώ,
701 1373 836 1447 ἐστ’
889 1407 973 1448 αν
1017 1377 1053 1450 6
1096 1379 1340 1464 χαλκὸς
1382 1381 1503 1466 μὲν
1545 1380 1806 1465 χαλκός,
1850 1379 1927 1447 τὸ
1976 1379 2131 1446 δὲ’
2094 1404 2284 1464 εργον
2311 1378 2552 1468 Δημήῆ

389 1507 576 1569 τριος
643 1478 678 1550 6
732 1476 1215 1573 Ἀλωπεκῆθεν
1271 1483 1700 1570 εἰργασμένος
1763 1510 1836 1570 τ,
1904 1477 1981 1549 οῦ
2037 1480 2373 1559 θεοποιός
2423 1506 2550 1563 τις,

391 1578 536 1651 ἄλλ’
575 1578 1116 1673 ἀνθρωποποιὸς
1139 1587 1226 1671 (†)
1258 1582 1371 1666 ὧν,
1405 1610 1658 1653 ουποτε
1685 1536 2073 1674 φοβήσομαι
2095 1583 2214 1651 τὸν
2238 1582 2552 1670 άνὸριάν-

389 1714 476 1754 τα
506 1690 816 1772 Πελίχου,
864 1684 941 1754 ὃν
985 1677 1141 1754 οῦδὲ
1174 1684 1385 1766 ζῶντα
1415 1688 1597 1755 πάνυ
1630 1687 1910 1756 εὸεδίειν
1955 1681 2366 1755 ἀπειλοῦντά
2408 1711 2550 1771 μοι.

288 1795 359 1851 21
395 1794 497 1857 21.
545 1788 659 1856 ἐπὶ
704 1789 968 1869 τούτοις
1004 1781 1389 1873 Ἀντίγονος
1431 1786 1468 1858 6
1518 1789 1751 1877 ἰατρὸς
1795 1787 1973 1872 εἶπε,
2017 1786 2274 1875 Κᾶμοί,
2321 1774 2377 1853 ὦ
2420 1784 2552 1856 Εὕ-

390 1917 654 1975 κρατες,
708 1888 1154 1980 Ἱπποκράτης
1207 1890 1349 1958 ἐστὶ
1403 1895 1687 1975 χαλκοῦς
1738 1886 1897 1959 ὅσον
1941 1905 2267 1981 πηχυαῖος
2308 1890 2385 1958 τὸ
2431 1896 2551 1977 μέ-

389 1999 615 2082 γεθος,
664 1992 741 2073 ὃς
781 1994 987 2079 μόνον
1019 1992 1297 2061 ἐπειδὰν
1325 1989 1365 2082 ἡ
1398 1997 1730 2080 θρυαλλὶς
1760 1991 2049 2082 ἀποσβῇ,
2094 2001 2389 2082 περίεισι
2431 1993 2553 2083 τὴν

393 2095 611 2163 οἰκίαν
655 2094 813 2184 ὅλην
859 2094 928 2162 ἐν
970 2094 1183 2183 κύκλῳ
1213 2107 1467 2183 ψοφῶν
1510 2100 1620 2164 καὶ
1657 2097 1779 2175 τὰς
1822 2096 2111 2175 πυξίδας
2156 2090 2553 2183 ἆνατρέπων

392 2200 502 2267 καὶ
543 2197 630 2266 τὰ
676 2197 994 2288 φάρμακα
1041 2202 1327 2284 συγχέων
1362 2202 1478 2267 καὶ
1521 2198 1642 2289 τὴν
1686 2200 1904 2287 θύραν
1950 2204 2394 2287 περιτρέπων,
2439 2201 2553 2266 καὶ

390 2301 688 2387 μάλιστα
742 2299 1022 2368 ἐπειδὰν
1085 2300 1204 2391 τὴν
1260 2307 1514 2369 θυσίαν
1571 2298 2188 2390 ὗπερβαλλώμεθα,
2254 2301 2335 2390 ἣν
2398 2291 2539 2368 κατ’

393 2402 543 2482 ἔτος
587 2399 911 2490 [ἕκαστον]
960 2395 1142 2491 αὐτῷ
1184 2404 1463 2489 θύομεν.
1544 2398 1765 2483 Ἀξιοῖ
1805 2404 1959 2491 γάρ,
2007 2391 2088 2491 ἦν
2134 2397 2197 2470 6²
2250 2403 2397 2489 ἐγώ,
2441 2405 2553 2470 καὶ

386 2499 832 2592 Ἱπποκράτης
892 2500 1016 2594 ἤδη
1075 2502 1110 2572 6
1161 2505 1389 2594 ἰατρὸς
1434 2506 1739 2574 θύεσθαι
1796 2503 1976 2594 αὑτῷ
2026 2510 2138 2575 καὶ
2183 2499 2552 2591 ἀγανακτεῖ,

395 2632 477 2727 ην
521 2605 629 2725 μὴ·ν
660 2633 828 2674 κατα
873 2605 1105 2693 καιρὸν
1163 2604 1280 2697 ἐφ’
1347 2610 1542 2695 ἱερῶν
1587 2612 1859 2677 τελείων
1911 2608 2238 2698 ἑστιαθῇ,·
2295 2606 2372 2675 ὃν
2417 2607 2556 2674 ε’ὁει

397 2712 684 2796 αγαπᾶν,
733 2710 799 2777 εἴ
823 2735 927 2789 τις
958 2711 1322 2797 ἐναγίσειεν
1370 2706 1552 2798 αυτῷ
1585 2740 1619 2798 η
1664 2712 2059 2796 μελίκρατον
2089 2710 2555 2778 επισπείσειεν

399 2837 438 2900 η
492 2810 946 2899 στεφανώσειε
989 2812 1112 2903 τὴν
1157 2812 1477 2903 κεφαλήν.

292 2928 367 2984 22
575 2918 677 2980 22.
709 2909 951 2982 ’Ἀκουε
979 2920 1221 2998 τοίνυν,
1270 2914 1396 3004 ε’φη
1430 2910 1466 2981 6
1498 2908 1856 3004 Ευκράτης,
1900 2919 2097 2983 τοῦτο
2126 2916 2248 2999 μὲν
2277 2917 2389 2982 καὶ
2434 2915 2558 2981 ἐπὶ

395 3014 780 3102 μαρτύρων,
840 3013 878 3083 6
924 3015 1057 3101 πρὸ
1120 3016 1289 3084 ἐτων
1333 3021 1536 3083 πέντε
1592 3013 1800 3085 εἶδον·
1858 3013 2166 3104 ἐτύγχανε
2208 3018 2329 3102 μὲν
2376 3014 2557 3106 ἀμφὶ

395 3115 715 3203 τρυγητὸν
759 3120 877 3183 τοῦ
923 3117 1111 3196 ἔτους
1154 3112 1249 3200 ἷίν,
1297 3116 1425 3203 ἐγώ
1472 3119 1543 3185 δὲ
1587 3116 1768 3208 ἀμφὶ
1814 3119 1932 3188 τὸν
1977 3118 2180 3208 ἀγρὸν
2223 3119 2557 3248 μεσούσης

396 3220 519 3304 τῆς
565 3213 816 3304 ἡμέρας
856 3222 1233 3305 τρυγῶντας
1289 3214 1490 3307 άφεὶς
1533 3220 1690 3301 τοὺς
1744 3216 2025 3308 ἐργάτας
2068 3217 2211 3289 κατ’
2264 3221 2556 3307 ἐμαυτὸν

398 3319 469 3399 ἐς
512 3317 636 3406 τὴν
679 3312 839 3409 ύλην
885 3312 1130 3410 απῄειν
1174 3320 1420 3406 μεταξὺ
1462 3323 1833 3445 φροντίζων
1862 3351 1930 3392 τι
1973 3326 2084 3391 καὶ
2133 3319 2557 3393 ἀνασκοπού-

396 3446 613 3507 μενος.
672 3422 826 3490 ἐπεὶ
858 3416 918 3487 6’
958 3423 1024 3489 ἐν
1053 3426 1150 3510 τῷ
1182 3439 1542 3513 συνηρεφεῖ
1570 3453 1669 3512 ην,
1703 3425 1777 3494 τὸ
1810 3427 1932 3511 μὲν
1962 3430 2234 3510 πρῶτον
2264 3422 2558 3512 ὑλαγμὸς

400 3525 657 3612 ἐγένετο
702 3528 947 3607 κυνών,
1005 3519 1180 3612 κάγώ
1231 3526 1489 3608 είκαζον
1533 3528 1886 3596 Μνάσωνα
1926 3527 2045 3595 τὸν
2088 3526 2265 3610 υἱόν,
2325 3520 2556 3613 ώσπερ

401 3626 669 3709 εἰώθει,
729 3627 994 3709 παίζειν
1045 3630 1157 3696 καὶ
1213 3643 1583 3719 κυνηγετεῖν
1639 3630 1709 3710 ἐς
1771 3629 1848 3698 τὸ
1907 3629 2142 3697 λάσιον
2196 3628 2368 3715 μετὰ
2420 3633 2558 3696 τῶν

399 3722 767 3815 ἤλικιωτων
797 3729 1250 3818 παρελθόντα.
1329 3731 1407 3800 τὸ
1443 3731 1509 3798 6²
1558 3726 1674 3825 οὗκ
1710 3730 1880 3816 εἶχεν
1910 3726 2139 3815 ούτως,
2187 3726 2359 3799 ἀλλὰ
2401 3731 2551 3818 μετ’

399 3821 625 3915 ὀλίγον
670 3835 949 3916 σεισμοῦ
991 3857 1175 3912 τινος
1215 3838 1570 3919 γενομένου
1608 3838 1719 3903 καὶ
1761 3839 1925 3924 βοῆς
1968 3834 2112 3903 οἷον
2157 3835 2230 3902 ἐκ
2270 3839 2558 3922 βροντῆς

397 3944 672 4051 γυναῖκα
702 3927 837 4018 ὁρῶ
868 3938 1287 4020 προσιοῦσαν
1324 3935 1639 4024 φοβεράν,
1686 3933 2166 4025 ἡμισταδιαίαν
2196 3936 2432 4021 σχεδὸν
2475 3937 2552 4006 τὸ

401 4025 605 4121 ὕψος·
660 4029 792 4118 εἶχε
844 4035 916 4103 δὲ
969 4040 1083 4106 καὶ
1129 4037 1301 4127 δᾷδα
1347 4038 1413 4105 ἓν
1458 4042 1543 4128 τῇ
1586 4033 1905 4128 ἀριστερᾷ
1956 4044 2066 4108 καὶ
2114 4040 2313 4129 ξίφος
2357 4041 2428 4110 ἐν
2472 4045 2560 4130 τῇ
