<?xml version="1.0" encoding="UTF-8"?>
<!DOCTYPE html PUBLIC "-//W3C//DTD XHTML 1.0 Transitional//EN"
    "http://www.w3.org/TR/xhtml1/DTD/xhtml1-transitional.dtd">
<html xmlns="http://www.w3.org/1999/xhtml" xml:lang="en" lang="en">
 <head>
  <title>
</title>
<meta http-equiv="Content-Type" content="text/html;charset=utf-8" />
  <meta name='ocr-system' content='tesseract 3.04.00' />
  <meta name='ocr-capabilities' content='ocr_page ocr_carea ocr_par ocr_line ocrx_word'/>
</head>
<body>
  <div class='ocr_page' id='page_1' title='image "./lucianus02sommgoog_0040.png"; bbox 0 0 2867 4525; ppageno 0'>
   <div class='ocr_carea' id='block_1_1' title="bbox 530 288 1805 354">
    <p class='ocr_par' dir='ltr' id='par_1_1' title="bbox 530 288 1805 354">
     <span class='ocr_line' id='line_1_1' title="bbox 530 288 1805 354; baseline -0.006 -7"><span class='ocrx_word' id='word_1_1' title='bbox 530 292 608 354; x_wconf 77' lang='grc'><em>22</em></span> <span class='ocrx_word' id='word_1_2' title='bbox 1394 288 1805 352; x_wconf 77' lang='grc' dir='ltr'><strong>[ΛΟΥΚΙΑΝΟΥ]</strong></span> 
     </span>
    </p>
   </div>
   <div class='ocr_carea' id='block_1_2' title="bbox 422 454 2785 1466">
    <p class='ocr_par' dir='ltr' id='par_1_2' title="bbox 523 454 2696 957">
     <span class='ocr_line' id='line_1_2' title="bbox 528 454 2694 545; baseline -0.003 -17"><span class='ocrx_word' id='word_1_3' title='bbox 528 455 799 538; x_wconf 75' lang='grc' dir='ltr'><em>σπάσας</em></span> <span class='ocrx_word' id='word_1_4' title='bbox 846 454 1050 526; x_wconf 75' lang='grc' dir='ltr'><em>αὐτοῦ</em></span> <span class='ocrx_word' id='word_1_5' title='bbox 1091 459 1500 545; x_wconf 81' lang='grc' dir='ltr'><em>βαρβαρικόν</em></span> <span class='ocrx_word' id='word_1_6' title='bbox 1543 486 1611 526; x_wconf 89' lang='grc' dir='ltr'><em>τι</em></span> <span class='ocrx_word' id='word_1_7' title='bbox 1654 458 2076 543; x_wconf 79' lang='grc' dir='ltr'><strong><em>μετενέδυσα,</em></strong></span> <span class='ocrx_word' id='word_1_8' title='bbox 2123 460 2236 524; x_wconf 89' lang='grc' dir='ltr'><em>καὶ</em></span> <span class='ocrx_word' id='word_1_9' title='bbox 2279 455 2493 523; x_wconf 84' lang='grc' dir='ltr'><em>ταῦτα</em></span> <span class='ocrx_word' id='word_1_10' title='bbox 2520 456 2694 540; x_wconf 80' lang='grc' dir='ltr'><em>βάρ-</em></span> 
     </span>
     <span class='ocr_line' id='line_1_3' title="bbox 523 549 2696 649; baseline -0.003 -17"><span class='ocrx_word' id='word_1_11' title='bbox 523 569 732 649; x_wconf 82' lang='grc' dir='ltr'><em>βαρος</em></span> <span class='ocrx_word' id='word_1_12' title='bbox 777 556 977 639; x_wconf 78' lang='grc' dir='ltr'><em>αὐτὸς</em></span> <span class='ocrx_word' id='word_1_13' title='bbox 1023 558 1196 629; x_wconf 88' lang='grc' dir='ltr'><em>εἶναι</em></span> <span class='ocrx_word' id='word_1_14' title='bbox 1243 562 1484 629; x_wconf 79' lang='grc' dir='ltr'><em>δοκιῦν·</em></span> <span class='ocrx_word' id='word_1_15' title='bbox 1540 554 1811 648; x_wconf 82' lang='grc' dir='ltr'><em>ἠδίκουν</em></span> <span class='ocrx_word' id='word_1_16' title='bbox 1863 558 1990 646; x_wconf 84' lang='grc' dir='ltr'><em>γὰρ</em></span> <span class='ocrx_word' id='word_1_17' title='bbox 2040 549 2119 626; x_wconf 66' lang='grc' dir='ltr'><em>ἂν</em></span> <span class='ocrx_word' id='word_1_18' title='bbox 2162 557 2249 625; x_wconf 85' lang='grc' dir='ltr'><em>τὰ</em></span> <span class='ocrx_word' id='word_1_19' title='bbox 2293 563 2577 627; x_wconf 79' lang='grc' dir='ltr'><em>τοιαῦτα</em></span> <span class='ocrx_word' id='word_1_20' title='bbox 2626 558 2696 636; x_wconf 75' lang='grc' dir='ltr'><em>ἐς</em></span> 
     </span>
     <span class='ocr_line' id='line_1_4' title="bbox 529 657 2692 748; baseline -0 -19"><span class='ocrx_word' id='word_1_21' title='bbox 529 657 732 732; x_wconf 74' lang='grc' dir='ltr'><em>αὐτὸν</em></span> <span class='ocrx_word' id='word_1_22' title='bbox 775 667 1186 748; x_wconf 80' lang='grc' dir='ltr'><em>παρανομῶν</em></span> <span class='ocrx_word' id='word_1_23' title='bbox 1239 666 1351 730; x_wconf 83' lang='grc' dir='ltr'><em>καὶ</em></span> <span class='ocrx_word' id='word_1_24' title='bbox 1408 662 1528 748; x_wconf 88' lang='grc' dir='ltr'><em>τὴν</em></span> <span class='ocrx_word' id='word_1_25' title='bbox 1588 663 1877 747; x_wconf 86' lang='grc' dir='ltr'><em>πάτριον</em></span> <span class='ocrx_word' id='word_1_26' title='bbox 1938 660 2201 747; x_wconf 74' lang='grc' dir='ltr'><em>ἐσθῆτα</em></span> <span class='ocrx_word' id='word_1_27' title='bbox 2259 661 2692 728; x_wconf 78' lang='grc' dir='ltr'><strong><em>λωποδυτῶν.</em></strong></span> 
     </span>
     <span class='ocr_line' id='line_1_5' title="bbox 529 758 2694 853; baseline -0 -23"><span class='ocrx_word' id='word_1_28' title='bbox 529 758 1036 853; x_wconf 73' lang='grc' dir='ltr'><em>ἀπολελόγημαι</em></span> <span class='ocrx_word' id='word_1_29' title='bbox 1081 762 1174 844; x_wconf 77' lang='grc' dir='ltr'><em>ὥς</em></span> <span class='ocrx_word' id='word_1_30' title='bbox 1219 764 1502 833; x_wconf 83' lang='grc' dir='ltr'><em>δυνατὸν</em></span> <span class='ocrx_word' id='word_1_31' title='bbox 1548 765 1726 849; x_wconf 74' lang='grc' dir='ltr'><em>ἐμοί·</em></span> <span class='ocrx_word' id='word_1_32' title='bbox 1780 761 1971 849; x_wconf 75' lang='grc' dir='ltr'><em>ὑμεῖς</em></span> <span class='ocrx_word' id='word_1_33' title='bbox 2017 765 2089 831; x_wconf 85' lang='grc' dir='ltr'><em>δὲ</em></span> <span class='ocrx_word' id='word_1_34' title='bbox 2134 760 2379 850; x_wconf 77' lang='grc' dir='ltr'><em>ὁμοίαν</em></span> <span class='ocrx_word' id='word_1_35' title='bbox 2423 766 2507 851; x_wconf 89' lang='grc' dir='ltr'><em>τῇ</em></span> <span class='ocrx_word' id='word_1_36' title='bbox 2552 763 2694 829; x_wconf 85' lang='grc' dir='ltr'><em>πά-</em></span> 
     </span>
     <span class='ocr_line' id='line_1_6' title="bbox 529 865 1461 957; baseline 0.002 -26"><span class='ocrx_word' id='word_1_37' title='bbox 529 868 641 934; x_wconf 88' lang='grc' dir='ltr'><em>λαι</em></span> <span class='ocrx_word' id='word_1_38' title='bbox 684 865 803 953; x_wconf 82' lang='grc' dir='ltr'><em>τὴν</em></span> <span class='ocrx_word' id='word_1_39' title='bbox 848 871 1086 957; x_wconf 83' lang='grc' dir='ltr'><em>ψῆφον</em></span> <span class='ocrx_word' id='word_1_40' title='bbox 1140 868 1461 955; x_wconf 73' lang='grc' dir='ltr'><em>ἐνέγκατε.</em></span> 
     </span>
    </p>

    <p class='ocr_par' dir='ltr' id='par_1_3' title="bbox 422 960 2785 1466">
     <span class='ocr_line' id='line_1_7' title="bbox 422 960 2695 1056; baseline -0.001 -21"><span class='ocrx_word' id='word_1_41' title='bbox 422 980 498 1035; x_wconf 78' lang='lat'><em>35</em></span> <span class='ocrx_word' id='word_1_42' title='bbox 706 974 807 1036; x_wconf 86' lang='lat'><em>35.</em></span> <span class='ocrx_word' id='word_1_43' title='bbox 854 976 1066 1037; x_wconf 85' lang='lat' dir='ltr'><em>EPM.</em></span> <span class='ocrx_word' id='word_1_44' title='bbox 1130 976 1386 1055; x_wconf 82' lang='grc' dir='ltr'><em>Βαβαῖ,</em></span> <span class='ocrx_word' id='word_1_45' title='bbox 1443 970 1599 1036; x_wconf 87' lang='grc' dir='ltr'><em>δέκα</em></span> <span class='ocrx_word' id='word_1_46' title='bbox 1643 968 1836 1046; x_wconf 74' lang='grc' dir='ltr'><em>ὅλαις</em></span> <span class='ocrx_word' id='word_1_47' title='bbox 1877 982 2174 1053; x_wconf 78' lang='grc' dir='ltr'><em>κρατεῖς”</em></span> <span class='ocrx_word' id='word_1_48' title='bbox 2228 966 2264 1035; x_wconf 83' lang='grc' dir='ltr'><em>ὂ</em></span> <span class='ocrx_word' id='word_1_49' title='bbox 2311 966 2439 1056; x_wconf 79' lang='grc' dir='ltr'><em>γὰρ</em></span> <span class='ocrx_word' id='word_1_50' title='bbox 2487 960 2695 1045; x_wconf 74' lang='grc' dir='ltr'><em>αὐτὸς</em></span> 
     </span>
     <span class='ocr_line' id='line_1_8' title="bbox 529 1066 2692 1159; baseline -0.001 -21"><span class='ocrx_word' id='word_1_51' title='bbox 529 1070 775 1150; x_wconf 77' lang='grc' dir='ltr'><em>ἐκεῖνος</em></span> <span class='ocrx_word' id='word_1_52' title='bbox 819 1068 854 1138; x_wconf 80' lang='grc' dir='ltr'>ὅ</span> <span class='ocrx_word' id='word_1_53' title='bbox 902 1067 1319 1139; x_wconf 79' lang='grc' dir='ltr'><em>πάλαιόὗδὲ</em></span> <span class='ocrx_word' id='word_1_54' title='bbox 1365 1074 1480 1139; x_wconf 83' lang='grc' dir='ltr'><em>νῦν</em></span> <span class='ocrx_word' id='word_1_55' title='bbox 1524 1067 1894 1159; x_wconf 77' lang='grc' dir='ltr'><em>ὁμόψηφός</em></span> <span class='ocrx_word' id='word_1_56' title='bbox 1939 1069 2102 1138; x_wconf 75' lang='grc' dir='ltr'><em>ἐστι.</em></span> <span class='ocrx_word' id='word_1_57' title='bbox 2196 1066 2430 1155; x_wconf 83' lang='grc' dir='ltr'><em>ἆμέλει</em></span> <span class='ocrx_word' id='word_1_58' title='bbox 2472 1069 2692 1156; x_wconf 79' lang='grc' dir='ltr'><em>τούτῳ</em></span> 
     </span>
     <span class='ocr_line' id='line_1_9' title="bbox 528 1165 2686 1262; baseline -0 -22"><span class='ocrx_word' id='word_1_59' title='bbox 528 1171 693 1252; x_wconf 70' lang='grc' dir='ltr'><em>ἔθος</em></span> <span class='ocrx_word' id='word_1_60' title='bbox 738 1174 880 1242; x_wconf 74' lang='grc' dir='ltr'><em>ἐστὶ</em></span> <span class='ocrx_word' id='word_1_61' title='bbox 927 1173 1082 1262; x_wconf 86' lang='grc' dir='ltr'><em>[καὶ]</em></span> <span class='ocrx_word' id='word_1_62' title='bbox 1129 1178 1306 1242; x_wconf 83' lang='grc' dir='ltr'><em>πᾶσι</em></span> <span class='ocrx_word' id='word_1_63' title='bbox 1348 1172 1470 1261; x_wconf 86' lang='grc' dir='ltr'><em>τὴν</em></span> <span class='ocrx_word' id='word_1_64' title='bbox 1512 1176 2011 1261; x_wconf 75' lang='grc' dir='ltr'><em>τετρυπημένην</em></span> <span class='ocrx_word' id='word_1_65' title='bbox 2052 1165 2265 1253; x_wconf 63' lang='grc' dir='ltr'><em>οὕτως</em></span> <span class='ocrx_word' id='word_1_66' title='bbox 2297 1178 2548 1261; x_wconf 83' lang='grc' dir='ltr'><em>φέρειν,</em></span> <span class='ocrx_word' id='word_1_67' title='bbox 2594 1171 2686 1259; x_wconf 82' lang='grc' dir='ltr'><em>μὴ</em></span> 
     </span>
     <span class='ocr_line' id='line_1_10' title="bbox 527 1268 2785 1364; baseline -0 -24"><span class='ocrx_word' id='word_1_68' title='bbox 527 1275 868 1343; x_wconf 86' lang='grc' dir='ltr'><em>παύσαιτο</em></span> <span class='ocrx_word' id='word_1_69' title='bbox 916 1281 1199 1364; x_wconf 72' lang='grc' dir='ltr'><em>φθονῶν</em></span> <span class='ocrx_word' id='word_1_70' title='bbox 1241 1290 1384 1357; x_wconf 88' lang='grc' dir='ltr'><em>τοῖς</em></span> <span class='ocrx_word' id='word_1_71' title='bbox 1439 1269 1766 1361; x_wconf 81' lang='grc' dir='ltr'><em>ἇρίστοις.</em></span> <span class='ocrx_word' id='word_1_72' title='bbox 1855 1269 2004 1341; x_wconf 72' lang='grc' dir='ltr'><em>ἀλλ’</em></span> <span class='ocrx_word' id='word_1_73' title='bbox 2070 1272 2259 1360; x_wconf 74' lang='grc' dir='ltr'><em>ὑμεῖς</em></span> <span class='ocrx_word' id='word_1_74' title='bbox 2315 1275 2438 1359; x_wconf 82' lang='grc' dir='ltr'><em>μὲν</em></span> <span class='ocrx_word' id='word_1_75' title='bbox 2485 1268 2785 1341; x_wconf 68' lang='grc' dir='ltr'><em>ἔπιτε836</em></span> 
     </span>
     <span class='ocr_line' id='line_1_11' title="bbox 527 1370 2273 1466; baseline 0.001 -23"><span class='ocrx_word' id='word_1_76' title='bbox 527 1370 756 1465; x_wconf 77' lang='grc' dir='ltr'><em>ἇγαθῆ</em></span> <span class='ocrx_word' id='word_1_77' title='bbox 798 1378 977 1466; x_wconf 85' lang='grc' dir='ltr'><em>τύχῃ,</em></span> <span class='ocrx_word' id='word_1_78' title='bbox 1027 1374 1259 1466; x_wconf 72' lang='grc' dir='ltr'><em>αὔριον</em></span> <span class='ocrx_word' id='word_1_79' title='bbox 1306 1379 1378 1446; x_wconf 80' lang='grc' dir='ltr'><em>δὲ</em></span> <span class='ocrx_word' id='word_1_80' title='bbox 1422 1377 1546 1456; x_wconf 82' lang='grc' dir='ltr'><em>τὰς</em></span> <span class='ocrx_word' id='word_1_81' title='bbox 1600 1375 1850 1456; x_wconf 82' lang='grc' dir='ltr'><em>λοιπὰς</em></span> <span class='ocrx_word' id='word_1_82' title='bbox 1893 1376 2273 1461; x_wconf 85' lang='grc' dir='ltr'><em>δικάσομεν.</em></span> 
     </span>
    </p>
   </div>
   <div class='ocr_carea' id='block_1_3' title="bbox 1398 1554 1810 1562">
    <p class='ocr_par' dir='ltr' id='par_1_4' title="bbox 1398 1554 1810 1562">
     <span class='ocr_line' id='line_1_12' title="bbox 1398 1554 1810 1562; baseline 0 0"><span class='ocrx_word' id='word_1_83' title='bbox 1398 1554 1810 1562; x_wconf 95' lang='lat' dir='ltr'><em> </em></span> 
     </span>
    </p>
   </div>
   <div class='ocr_carea' id='block_1_4' title="bbox 813 1717 2397 1904">
    <p class='ocr_par' dir='ltr' id='par_1_5' title="bbox 813 1717 2397 1904">
     <span class='ocr_line' id='line_1_13' title="bbox 1116 1717 2104 1806; baseline -0.01 0"><span class='ocrx_word' id='word_1_84' title='bbox 1116 1717 1409 1806; x_wconf 84' lang='grc' dir='ltr'>[ΠΕΡΙ</span> <span class='ocrx_word' id='word_1_85' title='bbox 1459 1717 2104 1799; x_wconf 80' lang='grc' dir='ltr'><strong>ΠΑΡΑΣῙΤΟῩ</strong></span> 
     </span>
     <span class='ocr_line' id='line_1_14' title="bbox 813 1816 2397 1904; baseline 0.002 -3"><span class='ocrx_word' id='word_1_86' title='bbox 813 1821 1002 1901; x_wconf 89' lang='grc' dir='ltr'><em>ΟΤΙ</em></span> <span class='ocrx_word' id='word_1_87' title='bbox 1049 1820 1354 1901; x_wconf 87' lang='grc' dir='ltr'><em>ΤΕΧΝ</em></span> <span class='ocrx_word' id='word_1_88' title='bbox 1357 1822 1447 1902; x_wconf 91' lang='grc' dir='ltr'>Η</span> <span class='ocrx_word' id='word_1_89' title='bbox 1492 1822 1580 1901; x_wconf 88' lang='grc' dir='ltr'><strong>Η</strong></span> <span class='ocrx_word' id='word_1_90' title='bbox 1628 1816 2397 1904; x_wconf 82' lang='grc' dir='ltr'><strong>ΠΑΡΑΣΙΤΙΚΗ·]</strong></span> 
     </span>
    </p>
   </div>
   <div class='ocr_carea' id='block_1_5' title="bbox 458 1973 2693 2694">
    <p class='ocr_par' dir='ltr' id='par_1_6' title="bbox 458 1973 2693 2489">
     <span class='ocr_line' id='line_1_15' title="bbox 458 1973 2690 2076; baseline -0.001 -19"><span class='ocrx_word' id='word_1_91' title='bbox 458 2005 492 2057; x_wconf 93' lang='grc'>1</span> <span class='ocrx_word' id='word_1_92' title='bbox 705 2000 758 2057; x_wconf 86' lang='grc'><em>1.</em></span> <span class='ocrx_word' id='word_1_93' title='bbox 830 1994 1347 2057; x_wconf 81' lang='grc' dir='ltr'><em>ΤΥΧΙΑΔΗΣ.</em></span> <span class='ocrx_word' id='word_1_94' title='bbox 1445 1996 1531 2057; x_wconf 90' lang='grc' dir='ltr'><em>Τί</em></span> <span class='ocrx_word' id='word_1_95' title='bbox 1585 2015 1754 2057; x_wconf 91' lang='grc' dir='ltr'><em>ποτε</em></span> <span class='ocrx_word' id='word_1_96' title='bbox 1812 1986 1973 2076; x_wconf 71' lang='grc' dir='ltr'><em>ἄρα,</em></span> <span class='ocrx_word' id='word_1_97' title='bbox 2036 1973 2089 2054; x_wconf 68' lang='grc' dir='ltr'><em>ὦ</em></span> <span class='ocrx_word' id='word_1_98' title='bbox 2136 1994 2395 2074; x_wconf 85' lang='grc' dir='ltr'><em>Σίμων,</em></span> <span class='ocrx_word' id='word_1_99' title='bbox 2457 1989 2524 2055; x_wconf 80' lang='grc' dir='ltr'><em>οἳ</em></span> <span class='ocrx_word' id='word_1_100' title='bbox 2567 1989 2690 2072; x_wconf 81' lang='grc' dir='ltr'><em>μὲν</em></span> 
     </span>
     <span class='ocr_line' id='line_1_16' title="bbox 528 2086 2690 2179; baseline 0 -22"><span class='ocrx_word' id='word_1_101' title='bbox 528 2087 725 2159; x_wconf 70' lang='grc' dir='ltr'><em>ἄλλοι</em></span> <span class='ocrx_word' id='word_1_102' title='bbox 787 2086 1151 2173; x_wconf 71' lang='grc' dir='ltr'><em>ἅνθρωποι</em></span> <span class='ocrx_word' id='word_1_103' title='bbox 1216 2095 1327 2159; x_wconf 86' lang='grc' dir='ltr'><em>καὶ</em></span> <span class='ocrx_word' id='word_1_104' title='bbox 1386 2091 1733 2178; x_wconf 70' lang='grc' dir='ltr'><em>ἐλεύθεροι</em></span> <span class='ocrx_word' id='word_1_105' title='bbox 1790 2095 1904 2159; x_wconf 87' lang='grc' dir='ltr'><em>καὶ</em></span> <span class='ocrx_word' id='word_1_106' title='bbox 1964 2093 2195 2160; x_wconf 82' lang='grc' dir='ltr'><em>δοῦλοι</em></span> <span class='ocrx_word' id='word_1_107' title='bbox 2249 2094 2480 2179; x_wconf 81' lang='grc' dir='ltr'><em>τέχνην</em></span> <span class='ocrx_word' id='word_1_108' title='bbox 2540 2089 2690 2158; x_wconf 71' lang='grc' dir='ltr'><em>ἕκα-</em></span> 
     </span>
     <span class='ocr_line' id='line_1_17' title="bbox 530 2187 2692 2283; baseline -0.003 -19"><span class='ocrx_word' id='word_1_109' title='bbox 530 2195 688 2274; x_wconf 88' lang='grc' dir='ltr'><em>στός</em></span> <span class='ocrx_word' id='word_1_110' title='bbox 730 2222 883 2263; x_wconf 94' lang='grc' dir='ltr'><em>τινα</em></span> <span class='ocrx_word' id='word_1_111' title='bbox 928 2194 1348 2277; x_wconf 77' lang='grc' dir='ltr'><em>ἐπίστανται,</em></span> <span class='ocrx_word' id='word_1_112' title='bbox 1397 2189 1490 2263; x_wconf 73' lang='grc' dir='ltr'><em>δι’</em></span> <span class='ocrx_word' id='word_1_113' title='bbox 1540 2188 1622 2283; x_wconf 83' lang='grc' dir='ltr'><em>ἧς</em></span> <span class='ocrx_word' id='word_1_114' title='bbox 1653 2188 1882 2273; x_wconf 71' lang='grc' dir='ltr'><em>αὐτοῖς</em></span> <span class='ocrx_word' id='word_1_115' title='bbox 1910 2199 1983 2260; x_wconf 82' lang='grc' dir='ltr'><em>τέ</em></span> <span class='ocrx_word' id='word_1_116' title='bbox 2014 2194 2148 2261; x_wconf 80' lang='grc' dir='ltr'><em>εἰσι</em></span> <span class='ocrx_word' id='word_1_117' title='bbox 2176 2196 2290 2261; x_wconf 89' lang='grc' dir='ltr'><em>καὶ</em></span> <span class='ocrx_word' id='word_1_118' title='bbox 2321 2188 2504 2281; x_wconf 73' lang='grc' dir='ltr'><em>ἄλλῳ</em></span> <span class='ocrx_word' id='word_1_119' title='bbox 2529 2187 2692 2282; x_wconf 86' lang='grc' dir='ltr'><em>χρή-</em></span> 
     </span>
     <span class='ocr_line' id='line_1_18' title="bbox 530 2289 2693 2384; baseline -0.001 -19"><span class='ocrx_word' id='word_1_120' title='bbox 530 2319 751 2382; x_wconf 91' lang='grc' dir='ltr'><em>σιμοι,</em></span> <span class='ocrx_word' id='word_1_121' title='bbox 802 2297 879 2364; x_wconf 80' lang='grc' dir='ltr'><strong><em>σύ</em></strong></span> <span class='ocrx_word' id='word_1_122' title='bbox 929 2298 1020 2380; x_wconf 86' lang='grc' dir='ltr'><em>δέ,</em></span> <span class='ocrx_word' id='word_1_123' title='bbox 1068 2294 1159 2377; x_wconf 82' lang='grc' dir='ltr'><em>ὥς</em></span> <span class='ocrx_word' id='word_1_124' title='bbox 1205 2297 1446 2380; x_wconf 87' lang='grc' dir='ltr'><em>εὀικεν,</em></span> <span class='ocrx_word' id='word_1_125' title='bbox 1505 2297 1692 2384; x_wconf 88' lang='grc' dir='ltr'><em>ε’ργον</em></span> <span class='ocrx_word' id='word_1_126' title='bbox 1739 2292 1996 2365; x_wconf 77' lang='grc' dir='ltr'><em>οῧδὲν’</em></span> <span class='ocrx_word' id='word_1_127' title='bbox 1975 2295 2176 2379; x_wconf 81' lang='grc' dir='ltr'><em>ε’χεις,</em></span> <span class='ocrx_word' id='word_1_128' title='bbox 2224 2290 2319 2363; x_wconf 70' lang='grc' dir='ltr'><em>δι’</em></span> <span class='ocrx_word' id='word_1_129' title='bbox 2372 2289 2452 2362; x_wconf 81' lang='grc' dir='ltr'><em>οὗ</em></span> <span class='ocrx_word' id='word_1_130' title='bbox 2498 2291 2580 2363; x_wconf 77' lang='grc' dir='ltr'><em>οἷν</em></span> <span class='ocrx_word' id='word_1_131' title='bbox 2622 2321 2693 2363; x_wconf 91' lang='grc' dir='ltr'><em>τι</em></span> 
     </span>
     <span class='ocr_line' id='line_1_19' title="bbox 530 2390 1903 2489; baseline 0.001 -24"><span class='ocrx_word' id='word_1_132' title='bbox 530 2390 571 2489; x_wconf 83' lang='grc' dir='ltr'><em>ἢ</em></span> <span class='ocrx_word' id='word_1_133' title='bbox 620 2397 818 2478; x_wconf 82' lang='grc' dir='ltr'><em>αὐτὸς</em></span> <span class='ocrx_word' id='word_1_134' title='bbox 864 2393 1159 2468; x_wconf 71' lang='grc' dir='ltr'><em>ἀπόναιο</em></span> <span class='ocrx_word' id='word_1_135' title='bbox 1204 2427 1242 2484; x_wconf 90' lang='grc' dir='ltr'><em>η</em></span> <span class='ocrx_word' id='word_1_136' title='bbox 1294 2396 1475 2487; x_wconf 79' lang='grc' dir='ltr'><em>αλλῳ</em></span> <span class='ocrx_word' id='word_1_137' title='bbox 1521 2399 1903 2488; x_wconf 72' lang='grc' dir='ltr'><em>μεταδῳηςς</em></span> 
     </span>
    </p>

    <p class='ocr_par' dir='ltr' id='par_1_7' title="bbox 533 2497 2689 2694">
     <span class='ocr_line' id='line_1_20' title="bbox 701 2497 2689 2589; baseline -0.002 -20"><span class='ocrx_word' id='word_1_138' title='bbox 701 2505 1278 2571; x_wconf 79' lang='grc' dir='ltr'><em>ΠΑΡΑΣΙΤΟΣ</em></span> <span class='ocrx_word' id='word_1_139' title='bbox 1334 2506 1501 2581; x_wconf 80' lang='grc' dir='ltr'><em>Πῶς</em></span> <span class='ocrx_word' id='word_1_140' title='bbox 1544 2505 1742 2569; x_wconf 84' lang='grc' dir='ltr'><em>τοῦτο</em></span> <span class='ocrx_word' id='word_1_141' title='bbox 1789 2501 2058 2588; x_wconf 78' lang='grc' dir='ltr'><em>ερωτᾷς,</em></span> <span class='ocrx_word' id='word_1_142' title='bbox 2107 2497 2159 2565; x_wconf 81' lang='grc' dir='ltr'><em>ὠ</em></span> <span class='ocrx_word' id='word_1_143' title='bbox 2210 2498 2527 2589; x_wconf 89' lang='grc' dir='ltr'><em>Τυχιαδη,</em></span> <span class='ocrx_word' id='word_1_144' title='bbox 2576 2524 2689 2566; x_wconf 89' lang='grc' dir='ltr'><em>ου-</em></span> 
     </span>
     <span class='ocr_line' id='line_1_21' title="bbox 533 2600 2156 2694; baseline -0.001 -25"><span class='ocrx_word' id='word_1_145' title='bbox 533 2604 720 2670; x_wconf 83' lang='grc' dir='ltr'><em>δέπω</em></span> <span class='ocrx_word' id='word_1_146' title='bbox 766 2600 940 2671; x_wconf 84' lang='grc' dir='ltr'><em>οἶδα.</em></span> <span class='ocrx_word' id='word_1_147' title='bbox 1027 2608 1246 2689; x_wconf 77' lang='grc' dir='ltr'><em>πειρῶ</em></span> <span class='ocrx_word' id='word_1_148' title='bbox 1292 2604 1369 2692; x_wconf 86' lang='grc' dir='ltr'><em>δὴ</em></span> <span class='ocrx_word' id='word_1_149' title='bbox 1420 2609 1836 2694; x_wconf 86' lang='grc' dir='ltr'><em>σαφέστερον</em></span> <span class='ocrx_word' id='word_1_150' title='bbox 1883 2602 2156 2688; x_wconf 76' lang='grc' dir='ltr'><em>ἐρωτᾶν.</em></span> 
     </span>
    </p>
   </div>
   <div class='ocr_carea' id='block_1_6' title="bbox 531 2699 2688 2894">
    <p class='ocr_par' dir='ltr' id='par_1_8' title="bbox 531 2699 2688 2894">
     <span class='ocr_line' id='line_1_22' title="bbox 706 2699 2688 2794; baseline -0.002 -22"><span class='ocrx_word' id='word_1_151' title='bbox 706 2713 917 2776; x_wconf 86' lang='grc' dir='ltr'><em>ΤΥΧ.</em></span> <span class='ocrx_word' id='word_1_152' title='bbox 970 2699 1278 2775; x_wconf 53' lang='grc' dir='ltr'><em>Ἔστιν(</em></span> <span class='ocrx_word' id='word_1_153' title='bbox 1249 2701 1482 2794; x_wconf 83' lang='grc' dir='ltr'><em>η’ντινα</em></span> <span class='ocrx_word' id='word_1_154' title='bbox 1536 2706 1877 2793; x_wconf 79' lang='grc' dir='ltr'><em>τυγχάνεις</em></span> <span class='ocrx_word' id='word_1_155' title='bbox 1936 2704 2383 2788; x_wconf 76' lang='grc' dir='ltr'><em>ἐπιστάμενος</em></span> <span class='ocrx_word' id='word_1_156' title='bbox 2437 2707 2688 2792; x_wconf 85' lang='grc' dir='ltr'><em>τέχνην,</em></span> 
     </span>
     <span class='ocr_line' id='line_1_23' title="bbox 531 2808 1067 2894; baseline -0.002 -18"><span class='ocrx_word' id='word_1_157' title='bbox 531 2808 675 2876; x_wconf 83' lang='grc' dir='ltr'><em>οἷον</em></span> <span class='ocrx_word' id='word_1_158' title='bbox 718 2808 1067 2894; x_wconf 86' lang='grc' dir='ltr'><em>μουσικήν;</em></span> 
     </span>
    </p>
   </div>
   <div class='ocr_carea' id='block_1_7' title="bbox 525 2908 2773 3708">
    <p class='ocr_par' dir='ltr' id='par_1_9' title="bbox 700 2908 1303 2977">
     <span class='ocr_line' id='line_1_24' title="bbox 700 2908 1303 2977; baseline 0.002 -1"><span class='ocrx_word' id='word_1_159' title='bbox 700 2908 1094 2976; x_wconf 82' lang='grc' dir='ltr'><em>ΠΑΡ.·Μὰ</em></span> <span class='ocrx_word' id='word_1_160' title='bbox 1140 2916 1303 2977; x_wconf 87' lang='grc' dir='ltr'><em>Δία.</em></span> 
     </span>
    </p>

    <p class='ocr_par' dir='ltr' id='par_1_10' title="bbox 703 3010 1566 3098">
     <span class='ocr_line' id='line_1_25' title="bbox 703 3010 1566 3098; baseline 0 -21"><span class='ocrx_word' id='word_1_161' title='bbox 703 3019 908 3079; x_wconf 91' lang='lat' dir='ltr'><strong><em>TYX.</em></strong></span> <span class='ocrx_word' id='word_1_162' title='bbox 963 3018 1048 3079; x_wconf 88' lang='grc' dir='ltr'><em>Τί</em></span> <span class='ocrx_word' id='word_1_163' title='bbox 1094 3012 1184 3094; x_wconf 83' lang='grc' dir='ltr'><em>δέ,</em></span> <span class='ocrx_word' id='word_1_164' title='bbox 1232 3010 1566 3098; x_wconf 72' lang='grc' dir='ltr'><em>ἰατρικήν,</em></span> 
     </span>
    </p>

    <p class='ocr_par' dir='ltr' id='par_1_11' title="bbox 696 3109 1453 3195">
     <span class='ocr_line' id='line_1_26' title="bbox 696 3109 1453 3195; baseline 0 -16"><span class='ocrx_word' id='word_1_165' title='bbox 696 3117 917 3182; x_wconf 91' lang='grc' dir='ltr'><em>ΠΑΡ.</em></span> <span class='ocrx_word' id='word_1_166' title='bbox 971 3109 1144 3181; x_wconf 75' lang='grc' dir='ltr'><em>Οὐδὲ</em></span> <span class='ocrx_word' id='word_1_167' title='bbox 1187 3113 1453 3195; x_wconf 82' lang='grc' dir='ltr'><em>ταύτην.</em></span> 
     </span>
    </p>

    <p class='ocr_par' dir='ltr' id='par_1_12' title="bbox 702 3213 1641 3299">
     <span class='ocr_line' id='line_1_27' title="bbox 702 3213 1641 3299; baseline -0.001 -18"><span class='ocrx_word' id='word_1_168' title='bbox 702 3222 911 3283; x_wconf 86' lang='grc' dir='ltr'><em>ΤΥΧ.</em></span> <span class='ocrx_word' id='word_1_169' title='bbox 954 3213 1156 3281; x_wconf 81' lang='grc' dir='ltr'><em>Ἀλλὰ</em></span> <span class='ocrx_word' id='word_1_170' title='bbox 1200 3220 1641 3299; x_wconf 83' lang='grc' dir='ltr'><em>γεωμετρίαν;</em></span> 
     </span>
    </p>

    <p class='ocr_par' dir='ltr' id='par_1_13' title="bbox 694 3315 1321 3400">
     <span class='ocr_line' id='line_1_28' title="bbox 694 3315 1321 3400; baseline -0.002 -16"><span class='ocrx_word' id='word_1_171' title='bbox 694 3322 915 3385; x_wconf 81' lang='grc' dir='ltr'><em>ΠΛΡ.</em></span> <span class='ocrx_word' id='word_1_172' title='bbox 971 3315 1321 3400; x_wconf 73' lang='grc' dir='ltr'><em>οὐδαμῶς.</em></span> 
     </span>
    </p>

    <p class='ocr_par' dir='ltr' id='par_1_14' title="bbox 525 3417 2686 3609">
     <span class='ocr_line' id='line_1_29' title="bbox 702 3417 2686 3506; baseline 0.001 -20"><span class='ocrx_word' id='word_1_173' title='bbox 702 3427 909 3486; x_wconf 86' lang='grc' dir='ltr'><em>ΤΥΧ.</em></span> <span class='ocrx_word' id='word_1_174' title='bbox 984 3426 1071 3486; x_wconf 88' lang='grc' dir='ltr'><em>Τί</em></span> <span class='ocrx_word' id='word_1_175' title='bbox 1126 3419 1229 3503; x_wconf 84' lang='grc' dir='ltr'><em>δέ,</em></span> <span class='ocrx_word' id='word_1_176' title='bbox 1289 3417 1677 3506; x_wconf 74' lang='grc' dir='ltr'><em>ῥητορικήνς</em></span> <span class='ocrx_word' id='word_1_177' title='bbox 1741 3419 2158 3506; x_wconf 83' lang='grc' dir='ltr'><em>φιλοσοφίας</em></span> <span class='ocrx_word' id='word_1_178' title='bbox 2210 3418 2332 3504; x_wconf 82' lang='grc' dir='ltr'><em>μὲν</em></span> <span class='ocrx_word' id='word_1_179' title='bbox 2385 3418 2515 3504; x_wconf 77' lang='grc' dir='ltr'><em>γὰρ</em></span> <span class='ocrx_word' id='word_1_180' title='bbox 2573 3445 2686 3487; x_wconf 86' lang='grc' dir='ltr'><em>το-</em></span> 
     </span>
     <span class='ocr_line' id='line_1_30' title="bbox 525 3513 1789 3609; baseline -0.001 -21"><span class='ocrx_word' id='word_1_181' title='bbox 525 3525 762 3590; x_wconf 84' lang='grc' dir='ltr'><em>σοῦτον</em></span> <span class='ocrx_word' id='word_1_182' title='bbox 810 3517 1082 3603; x_wconf 82' lang='grc' dir='ltr'><em>ἆπέχεις</em></span> <span class='ocrx_word' id='word_1_183' title='bbox 1126 3513 1287 3586; x_wconf 74' lang='grc' dir='ltr'><em>ὅσον</em></span> <span class='ocrx_word' id='word_1_184' title='bbox 1329 3522 1440 3586; x_wconf 86' lang='grc' dir='ltr'><em>καὶ</em></span> <span class='ocrx_word' id='word_1_185' title='bbox 1488 3515 1525 3609; x_wconf 81' lang='grc' dir='ltr'>ἡ</span> <span class='ocrx_word' id='word_1_186' title='bbox 1573 3525 1789 3587; x_wconf 89' lang='grc' dir='ltr'><em>κακία.</em></span> 
     </span>
    </p>

    <p class='ocr_par' dir='ltr' id='par_1_15' title="bbox 694 3616 2773 3708">
     <span class='ocr_line' id='line_1_31' title="bbox 694 3616 2773 3708; baseline -0.002 -17"><span class='ocrx_word' id='word_1_187' title='bbox 694 3627 914 3691; x_wconf 83' lang='grc' dir='ltr'><em>ΠΛΡ.</em></span> <span class='ocrx_word' id='word_1_188' title='bbox 954 3616 1111 3708; x_wconf 76' lang='grc' dir='ltr'><em>Ἐγώ</em></span> <span class='ocrx_word' id='word_1_189' title='bbox 1159 3625 1300 3705; x_wconf 85' lang='grc' dir='ltr'><em>μέν,</em></span> <span class='ocrx_word' id='word_1_190' title='bbox 1346 3620 1407 3687; x_wconf 84' lang='grc' dir='ltr'><em>εἰ</em></span> <span class='ocrx_word' id='word_1_191' title='bbox 1454 3620 1598 3688; x_wconf 87' lang='grc' dir='ltr'><em>οἶόν</em></span> <span class='ocrx_word' id='word_1_192' title='bbox 1641 3647 1716 3688; x_wconf 90' lang='grc' dir='ltr'><em>τε</em></span> <span class='ocrx_word' id='word_1_193' title='bbox 1761 3618 1952 3704; x_wconf 87' lang='grc' dir='ltr'><em>εἶναι,</em></span> <span class='ocrx_word' id='word_1_194' title='bbox 2006 3626 2118 3690; x_wconf 87' lang='grc' dir='ltr'><em>καὶ</em></span> <span class='ocrx_word' id='word_1_195' title='bbox 2162 3625 2422 3692; x_wconf 88' lang='grc' dir='ltr'><em>πλεῖον.</em></span> <span class='ocrx_word' id='word_1_196' title='bbox 2511 3617 2773 3692; x_wconf 75' lang='grc' dir='ltr'><em>ὥστε837</em></span> 
     </span>
    </p>
   </div>
   <div class='ocr_carea' id='block_1_8' title="bbox 521 3719 2684 3912">
    <p class='ocr_par' dir='ltr' id='par_1_16' title="bbox 521 3719 2684 3912">
     <span class='ocr_line' id='line_1_32' title="bbox 522 3719 2684 3816; baseline 0.002 -26"><span class='ocrx_word' id='word_1_197' title='bbox 522 3724 613 3815; x_wconf 89' lang='grc' dir='ltr'><em>μὴ</em></span> <span class='ocrx_word' id='word_1_198' title='bbox 660 3725 842 3792; x_wconf 91' lang='grc' dir='ltr'><em>δόκει</em></span> <span class='ocrx_word' id='word_1_199' title='bbox 884 3728 1082 3791; x_wconf 82' lang='grc' dir='ltr'><em>τοῦτο</em></span> <span class='ocrx_word' id='word_1_200' title='bbox 1125 3723 1445 3810; x_wconf 76' lang='grc' dir='ltr'><em>καθάπερ</em></span> <span class='ocrx_word' id='word_1_201' title='bbox 1507 3719 1855 3811; x_wconf 75' lang='grc' dir='ltr'><em>ἀγνοοῦντι</em></span> <span class='ocrx_word' id='word_1_202' title='bbox 1912 3719 2279 3794; x_wconf 81' lang='grc' dir='ltr'><em>ὀνειδίσαι·</em></span> <span class='ocrx_word' id='word_1_203' title='bbox 2337 3730 2516 3816; x_wconf 84' lang='grc' dir='ltr'><em>φημὶ</em></span> <span class='ocrx_word' id='word_1_204' title='bbox 2559 3727 2684 3815; x_wconf 83' lang='grc' dir='ltr'><em>γὰρ</em></span> 
     </span>
     <span class='ocr_line' id='line_1_33' title="bbox 521 3815 1873 3912; baseline -0.001 -18"><span class='ocrx_word' id='word_1_205' title='bbox 521 3824 724 3905; x_wconf 80' lang='grc' dir='ltr'><em>κακὸς</em></span> <span class='ocrx_word' id='word_1_206' title='bbox 769 3822 942 3893; x_wconf 84' lang='grc' dir='ltr'><em>εἶναι</em></span> <span class='ocrx_word' id='word_1_207' title='bbox 984 3828 1094 3892; x_wconf 84' lang='grc' dir='ltr'><em>καὶ</em></span> <span class='ocrx_word' id='word_1_208' title='bbox 1135 3833 1376 3912; x_wconf 88' lang='grc' dir='ltr'><em>χείρων</em></span> <span class='ocrx_word' id='word_1_209' title='bbox 1420 3815 1464 3911; x_wconf 66' lang='lat'><em>‘1²7⁸</em></span> <span class='ocrx_word' id='word_1_210' title='bbox 1510 3825 1590 3894; x_wconf 77' lang='grc' dir='ltr'><em>σὺ</em></span> <span class='ocrx_word' id='word_1_211' title='bbox 1639 3827 1873 3905; x_wconf 89' lang='grc' dir='ltr'><em>δοκεῖς.</em></span> 
     </span>
    </p>
   </div>
   <div class='ocr_carea' id='block_1_9' title="bbox 523 3925 2688 4120">
    <p class='ocr_par' dir='ltr' id='par_1_17' title="bbox 523 3925 2688 4120">
     <span class='ocr_line' id='line_1_34' title="bbox 701 3925 2685 4013; baseline 0.001 -18"><span class='ocrx_word' id='word_1_212' title='bbox 701 3935 906 3996; x_wconf 88' lang='lat' dir='ltr'><strong><em>TYX.</em></strong></span> <span class='ocrx_word' id='word_1_213' title='bbox 962 3934 1124 3996; x_wconf 89' lang='grc' dir='ltr'><em>Ναί.</em></span> <span class='ocrx_word' id='word_1_214' title='bbox 1213 3925 1383 3995; x_wconf 79' lang='grc' dir='ltr'><em>ἀλλὰ</em></span> <span class='ocrx_word' id='word_1_215' title='bbox 1440 3927 1690 4007; x_wconf 85' lang='grc' dir='ltr'><em>ταύτας</em></span> <span class='ocrx_word' id='word_1_216' title='bbox 1745 3930 1868 4012; x_wconf 80' lang='grc' dir='ltr'><em>μὲν</em></span> <span class='ocrx_word' id='word_1_217' title='bbox 1914 3928 2082 4006; x_wconf 77' lang='grc' dir='ltr'><em>ἴσως</em></span> <span class='ocrx_word' id='word_1_218' title='bbox 2124 3927 2247 4007; x_wconf 84' lang='grc' dir='ltr'><em>τὰς</em></span> <span class='ocrx_word' id='word_1_219' title='bbox 2289 3935 2522 4013; x_wconf 88' lang='grc' dir='ltr'><em>τέχνας</em></span> <span class='ocrx_word' id='word_1_220' title='bbox 2569 3956 2685 3997; x_wconf 88' lang='grc' dir='ltr'><em>ουκ</em></span> 
     </span>
     <span class='ocr_line' id='line_1_35' title="bbox 523 4025 2688 4120; baseline 0.001 -24"><span class='ocrx_word' id='word_1_221' title='bbox 523 4029 851 4113; x_wconf 75' lang='grc' dir='ltr'><em>ἐξέμαθες</em></span> <span class='ocrx_word' id='word_1_222' title='bbox 896 4030 1007 4097; x_wconf 92' lang='grc' dir='ltr'><em>δια</em></span> <span class='ocrx_word' id='word_1_223' title='bbox 1053 4035 1344 4116; x_wconf 75' lang='grc' dir='ltr'><em>μέγεθος</em></span> <span class='ocrx_word' id='word_1_224' title='bbox 1400 4025 1617 4096; x_wconf 83' lang='grc' dir='ltr'><em>αυτιῦν</em></span> <span class='ocrx_word' id='word_1_225' title='bbox 1661 4032 1773 4096; x_wconf 86' lang='grc' dir='ltr'><em>καὶ</em></span> <span class='ocrx_word' id='word_1_226' title='bbox 1832 4030 2220 4106; x_wconf 88' lang='grc' dir='ltr'><em>δυσκολίαν,</em></span> <span class='ocrx_word' id='word_1_227' title='bbox 2265 4034 2400 4098; x_wconf 80' lang='grc' dir='ltr'><em>τῶν</em></span> <span class='ocrx_word' id='word_1_228' title='bbox 2448 4033 2521 4099; x_wconf 82' lang='grc' dir='ltr'><em>δὲ</em></span> <span class='ocrx_word' id='word_1_229' title='bbox 2567 4033 2688 4120; x_wconf 88' lang='grc' dir='ltr'><em>δη-</em></span> 
     </span>
    </p>
   </div>
   <div class='ocr_carea' id='block_1_10' title="bbox 2823 0 2844 1435">
    <p class='ocr_par' dir='ltr' id='par_1_18' title="bbox 2823 0 2844 1435">
     <span class='ocr_line' id='line_1_36' title="bbox 2823 0 2844 1435; baseline 0 0"><span class='ocrx_word' id='word_1_230' title='bbox 2823 0 2844 1435; x_wconf 95' lang='lat' dir='ltr'><em> </em></span> 
     </span>
    </p>
   </div>
   <div class='ocr_carea' id='block_1_11' title="bbox 2816 1934 2851 4495">
    <p class='ocr_par' dir='ltr' id='par_1_19' title="bbox 2816 1934 2851 4495">
     <span class='ocr_line' id='line_1_37' title="bbox 2816 1934 2851 4495; baseline 0 0"><span class='ocrx_word' id='word_1_231' title='bbox 2816 1934 2851 4495; x_wconf 95' lang='lat' dir='ltr'><em> </em></span> 
     </span>
    </p>
   </div>
  </div>
 </body>
</html>
