2867 4525
411 287 440 341 1
453 286 492 342 4
1305 283 1590 340 Aornum
1594 283 1679 338 ΟΥ

407 454 692 544 ἐραστὴν
736 452 776 543 ἡ
825 454 1003 521 Στοὰ
1059 453 1178 521 τὸν
1222 454 1585 522 Διονύσιον
1640 454 2094 542 κατηνάγκασε
2145 454 2392 542 ταύτης
2446 454 2568 537 μὲν

408 553 826 641 ἀπέχεσθαι,
885 556 1060 643 πρὸς
1103 555 1342 645 ἑαυτὴν
1396 556 1468 623 δὲ
1515 554 1931 640 ἀποβλέπειν
1976 552 2014 644 ἡ
2055 551 2331 645 Ἡδονή,
2390 580 2568 643 φαρ-

405 663 606 744 μακὶς
652 650 734 728 ἀν
779 660 1054 738 εἰκότως
1097 658 1285 737 ἔδοξε
1326 661 1442 725 καὶ
1486 651 1738 726 ἀδικεῖν
1782 658 2073 744 ἐκέκριτο
2112 658 2229 725 ἐπὶ
2257 657 2416 735 τοὺς
2447 658 2567 723 ἀλ·-

408 765 713 847 λοτρίους
758 760 1046 849 ἐραστὰς
1087 757 1615 849 μαγγανεύουσα.
1705 760 1766 827 εἰ
1812 761 1884 828 δέ
1928 785 2032 838 τις
2077 760 2450 846 ἐλεύθερος,
2498 760 2567 826 ἐν

408 863 733 952 ἐλευθέρᾳ
778 868 863 955 τῇ
905 865 1138 946 πόλει,
1197 863 1287 949 μὴ
1337 857 1894 948 ἀπαγορευόντων
1945 865 2081 929 τῶν
2137 862 2389 946 νόμων,
2443 861 2568 950 τὴν

407 964 595 1051 παρὰ
638 966 882 1054 ταύτης
938 966 1181 1054 ἀηδίαν
1237 967 1613 1050 μυσαχθεὶς
1662 968 1773 1032 καὶ
1818 958 1899 1053 ἥν
1946 987 2152 1053 φησιν
2197 964 2310 1033 ἐπὶ
2358 989 2570 1053 κεφα-

407 1070 578 1154 λαίῳ
622 1071 754 1135 τῶν
813 1069 1042 1136 πόνων
1098 1067 1219 1156 τὴν
1274 1061 1706 1152 εὐδαιμονίαν
1762 1072 2307 1154 παραγίγνεσθαι
2367 1069 2567 1152 λῆρον

406 1169 673 1258 οἰηθεὶς
716 1170 872 1250 τοὺς
915 1172 1037 1255 μὲν
1083 1164 1399 1257 ἀγκύλους
1460 1169 1747 1246 ἐκείνους
1805 1168 2039 1254 λόγους
2082 1171 2195 1236 καὶ
2253 1171 2566 1254 λαβυρίν-

403 1278 566 1351 θοις
613 1270 886 1357 ὁμοίους
932 1272 1256 1361 ἀπέφυγε,
1302 1272 1478 1362 πρὸς
1522 1274 1595 1339 δὲ
1633 1270 1755 1358 τὴν
1785 1267 2028 1357 ἡδονὴν
2059 1267 2345 1355 ἄσμενος
2375 1270 2567 1357 ἐδρα-

404 1379 727 1442 πέτευσεν
793 1369 1022 1461 ὥσπερ
1089 1375 1302 1460 δεσμά
1368 1401 1522 1442 τινα
1587 1374 1924 1458 διακόψας
1984 1377 2105 1451 τὰς
2160 1377 2294 1441 τῶν
2351 1373 2567 1459 λόγων

403 1479 811 1560 πλεκτάνας,
881 1471 1287 1563 ἀνθρώπινα
1351 1479 1465 1543 καὶ
1533 1470 1611 1542 οὗ
1675 1475 1984 1563 βλακώδη
2054 1476 2391 1564 φρονήσας
2450 1477 2567 1541 καὶ

400 1577 519 1647 τὸν
560 1580 684 1664 μὲν
729 1580 973 1661 πόνον,
1032 1572 1201 1665 ὅπερ
1247 1578 1418 1660 ἐστί,
1480 1572 1805 1666 πονηρόν,
1852 1574 2081 1667 ἡδεῖαν
2127 1578 2200 1645 δὲ
2240 1577 2360 1667 τὴν
2402 1573 2567 1665 ἡδο-

404 1682 520 1770 νὴν
564 1683 863 1772 οἰηθείς,
926 1681 1309 1750 ἀποκλείειν
1368 1680 1560 1770 ἐχρῆν
1607 1675 1810 1747 αὐτὸν
1856 1673 2086 1765 ὥσπερ
2131 1679 2201 1749 ἐκ
2244 1685 2565 1766 ναυαγίου
2585 1694 2687 1745 818

403 1787 622 1870 λιμένι
673 1789 1092 1874 προσνέοντα
1135 1787 1248 1853 καὶ
1303 1785 1591 1872 γαλήνης
1648 1783 2120 1867 ἐπιθυμοῦντα
2176 1784 2569 1850 συνωθοῦν-

400 1910 522 1963 τας
569 1885 687 1953 ἒπὶ
743 1886 1041 1974 κεφαλὴν
1087 1886 1155 1965 ἐς
1200 1885 1318 1953 τὸν
1374 1886 1588 1953 πόνον
1644 1890 1756 1953 καὶ
1816 1886 2085 1953 ἔκδοτον
2141 1883 2258 1952 τὸν
2317 1878 2570 1951 ἄθλιον

401 1992 720 2073 παρέχειν
763 2001 914 2065 ταῖς
961 1984 1304 2075 ἀπορίαις,
1349 1992 1462 2056 καὶ
1506 1992 1718 2054 ταῦτα
1757 2012 1990 2075 ωσπερ
2037 1989 2253 2076 ἱκέτην
2298 1985 2414 2054 ἐπὶ
2445 1984 2568 2053 τὸν

398 2092 519 2155 τοῦ
565 2087 750 2155 ἐλέου
793 2089 1025 2173 βωμὸν
1084 2089 1201 2157 ἐπὶ
1256 2088 1378 2174 τὴν
1434 2087 1679 2180 ἡδονὴν
1734 2089 2234 2178 καταφυγόντα,
2289 2088 2401 2156 ἵνα
2443 2086 2568 2175 τὴν

400 2189 916 2279 πολυθρύλητον
961 2192 1214 2292 δηλαδὴ
1263 2186 1505 2281 ἀρετὴν
1552 2192 1667 2261 ἐπὶ
1713 2192 1789 2259 τὸ
1838 2187 2080 2279 ορθιον
2128 2192 2360 2279 ἱδρῶτι
2390 2191 2567 2256 πολ-

402 2295 498 2379 λῷ
545 2287 851 2361 ἀνελθών
896 2294 1007 2383 ι’δῃ
1051 2291 1223 2384 κᾷτα
1268 2291 1361 2364 δι’
1426 2291 1586 2365 όλου
1631 2295 1934 2385 πονήσας
1976 2298 2098 2362 τοῦ
2140 2300 2294 2380 βίου
2340 2288 2569 2361 εὔδαι-

400 2397 664 2487 μονήσῃ
699 2394 867 2480 μετὰ
913 2423 1030 2464 τον
1072 2403 1262 2482 βίον,
1317 2406 1538 2467 καίτοι
1593 2407 1699 2478 τίς
1745 2389 1825 2465 ἀν
1874 2396 2103 2487 κριτὴς
2150 2395 2567 2480 δικαιότερος
2585 2411 2686 2463 819

404 2499 656 2577 δόξειεν
705 2494 909 2566 αὐτοῦ
954 2498 1236 2583 ἐκείνου,
1298 2498 1374 2578 ὃς
1426 2499 1513 2567 τὰ
1558 2500 1747 2587 παρὰ
1791 2505 1912 2589 τῆς
1954 2504 2173 2579 Στοᾶς
2218 2492 2442 2579 εἰδώς,
2501 2498 2568 2563 εἰ

401 2606 517 2667 καί
559 2626 664 2679 τις
711 2597 943 2684 ἄλλος,
1001 2604 1112 2669 καὶ
1172 2602 1379 2687 μόνον
1435 2598 1605 2681 τέως
1648 2603 1724 2670 τὸ
1772 2602 1975 2670 καλὸν
2023 2597 2288 2689 ἀγαθὸν
2334 2600 2567 2684 οἰόμε-

403 2727 516 2780 νος
561 2699 763 2784 εἶναι,
822 2703 1240 2788 μεταμαθὼν
1285 2700 1380 2783 ὥς
1420 2704 1624 2772 κακὸν
1667 2702 1702 2772 ὃ
1751 2705 1964 2783 πόνος
2006 2690 2118 2793 ἧν,
2177 2701 2253 2771 τὸ
2298 2705 2568 2788 βέλτιον

404 2803 479 2883 ἐξ
518 2799 771 2893 ἀμφοῖν
820 2806 1229 2890 δοκιμνάσας
1274 2806 1529 2889 εἵλετο,
1584 2803 1762 2894 ἑώρα
1803 2807 1964 2894 γάρ,
2020 2804 2242 2891 οἶμαι,
2287 2805 2568 2883 τούτους

403 2911 565 2991 περὶ
628 2912 748 2976 τοῦ
803 2924 1145 2994 καρτερεῖν
1209 2913 1321 2977 καὶ
1390 2905 1755 2992 ἀνέχεσθαι
1818 2909 1975 2989 τοὺς
2032 2908 2282 2986 πόνους
2338 2905 2567 2973 πολλὰ

405 3009 796 3090 διεξιόντας,
845 3009 987 3097 ἰδίᾳ
1034 3011 1106 3076 δὲ
1148 3009 1267 3099 τὴν
1303 3007 1583 3099 Ἡδονήν
1628 3012 2170 3098 θεραπεύοντας,
2213 3013 2324 3077 καὶ
2368 3015 2680 3095 μέχρι820

401 3112 524 3196 μὲν
576 3121 697 3176 τοῦ
755 3110 952 3198 λόγου
1013 3119 1579 3198 νεανιευομένους,
1650 3113 1823 3182 οἴκοι
1882 3113 1955 3180 δὲ
2008 3112 2179 3180 κατὰ
2236 3111 2393 3190 τοὺς
2443 3116 2566 3198 τῆς

396 3210 676 3298 Ἡδονῆς
732 3213 974 3295 νόμους
1026 3217 1369 3298 βιοῦντας,
1431 3216 1942 3298 αἰσχυνομένους
1995 3216 2118 3300 μὲν
2163 3215 2224 3282 εἰ
2269 3217 2563 3303 φανοῦν-

405 3343 520 3384 ται
557 3318 893 3398 χαλῶντες
933 3320 1052 3383 τοῦ
1094 3316 1291 3385 τόνου
1348 3318 1945 3405 καὶ’προδιδόντες
1999 3317 2077 3385 τὸ
2136 3318 2377 3403 δόγμα,
2434 3341 2563 3383 πε-

405 3419 759 3498 πονθότας
803 3420 877 3486 δὲ
923 3413 1208 3498 ἀθλίους
1251 3419 1328 3486 τὸ
1373 3424 1495 3488 τοῦ
1533 3421 1897 3503 Ταντάλου,
1942 3423 2054 3487 καὶ
2100 3420 2273 3488 ἔνθα
2319 3409 2400 3486 ἀν
2445 3419 2564 3506 λή-

405 3545 545 3589 σειν
589 3523 699 3588 καὶ
748 3520 1072 3608 ἀσφαλῶς
1115 3523 1621 3610 παρανομήσειν
1666 3524 2019 3604 ελπίσωσι,
2065 3520 2313 3606 χανδὸν
2358 3519 2564 3605 ἐμπι-

403 3628 782 3708 πλαμένους
825 3627 947 3690 τοῦ
989 3618 1205 3710 ἡδέος.
1295 3624 1355 3690 εἰ
1398 3629 1556 3711 γοῦν
1599 3652 1703 3705 τις
1748 3622 1976 3704 αὐτοῖς
2020 3650 2137 3692 τον
2180 3627 2300 3691 τοῦ
2345 3623 2563 3710 Γύγου

405 3726 752 3792 δακτύλιον
811 3725 1080 3806 ε’δωκεν,
1143 3722 1233 3804 ὥς
1290 3732 1782 3812 περιθεμένους
1824 3726 1912 3813 μὴ
1962 3723 2296 3812 ὃρασθαι,
2354 3716 2398 3812 ἢ
2440 3726 2562 3814 τὴν

402 3831 519 3895 τοῦ
553 3822 789 3904 Αῑδος
834 3832 1061 3914 κυνῆν,
1116 3854 1186 3894 ευ
1233 3825 1364 3895 οἶδ’
1413 3821 1523 3896 ότι
1566 3829 1788 3917 μακρὰ
1829 3836 2089 3914 χαίρειν
2132 3842 2277 3906 τοῖς
2322 3827 2564 3907 πόνοις

403 3930 783 4017 φράσαντες
843 3926 956 3994 ἐπὶ
1020 3928 1136 4015 τὴν
1170 3926 1465 4020 ,Ἡδονὴν
1524 3926 1830 3999 ὠθοῦντο
1890 3959 1970 3997 αν
2030 3933 2142 3998 καὶ
2201 3931 2562 4016 εμιμοῦντο

390 4024 698 4114 ,ἅπαντες
742 4029 858 4097 τὸν
901 4030 1293 4115 Διονύσιον,
1353 4032 1429 4111 ὃς
1472 4039 1664 4118 μέχρι
1707 4035 1828 4118 μὲν
1873 4042 1989 4119 τῆς
2034 4033 2235 4101 νόσου
2281 4028 2563 4119 ἤλπιζεν
