2867 4525
914 309 918 313 ·
972 291 1218 347 ΠΔΟΙΟΝ
1255 292 1300 336 Η
1335 292 1547 347 ΕΥΧΑΙ.
2269 296 2393 356 175

232 461 372 525 σῶν
417 457 552 538 τὰς
603 457 932 544 ἐπιβολὰς
975 464 1089 530 καὶ
1131 461 1599 545 θαυμάζοντες
1644 459 1944 542 ἀνιόντες
1987 462 2105 532 τὸν
2151 465 2394 555 ναύτην

233 560 350 630 δια
394 564 530 629 τῶν
571 562 811 646 κάλων,
858 560 1005 631 εἶτα
1051 562 1169 632 ἐπὶ
1213 568 1330 654 τῆς
1372 572 1647 651 κεραίας
1687 591 1829 633 ανω
1875 560 2198 681 ἀσφαλῶς
2243 567 2394 636 δια·-

227 667 487 731 θέοντα
530 667 667 732 τῶν
709 666 1076 785 κεροιάκων
1121 666 1633 788 ἐπειλημμένον.

399 769 636 834 ΣΑΜ.
725 751 820 834 Εῦ
877 770 1110 856 λέγεις.
1196 776 1267 838 τί
1313 764 1380 836 δ’
1432 795 1551 837 ουν
1587 769 1710 859 χρὴ
1757 785 1983 840 ποιεῖν
2027 768 2241 861 ἧμᾶς;
2285 774 2391 842 ἐν·

228 870 460 934 ταῦθα
526 868 921 954 καραδοκεῖν
979 864 1214 953 αύτόν,
1271 861 1316 958 ἢ
1373 869 1638 951 ἐθέλεις
1693 870 1818 960 ἐγώ
1875 857 2082 953 αυθις
2127 874 2392 944 ἑπανίω

230 955 296 1047 ἔς
339 967 419 1036 τὸ
468 971 750 1055 πλοῖον,·

408 1076 607 1140 ΤΙΜ.
680 1074 1070 1163 Μηδαμῶς,
1131 1067 1303 1141 ἀλλα
1361 1077 1745 1161 προΐωμεν·
1852 1075 2027 1157 εἰκὸς
2078 1076 2205 1165 γὰρ
2262 1075 2387 1169 ἤδη

224 1174 777 1263 παρεληλυθέναι
843 1175 1090 1245 ἐκεῖνον
1157 1170 1634 1264 ἀποσοβοῦντα
1697 1177 1767 1258 ἐς
1832 1178 1909 1247 τὸ
1972 1175 2169 1263 ἄστυ,
2237 1181 2390 1251 ἐπεὶ

226 1271 477 1364 μηκέθ’
539 1273 719 1365 ἡμᾶς
774 1275 986 1367 εῦρεῖν
1044 1278 1352 1347 ἐδύνατο·
1445 1280 1505 1348 εἰ
1564 1280 1638 1349 δὲ
1691 1281 1812 1371 μή,
1873 1275 2023 1348 ἀλλ’
2082 1279 2227 1351 οἶδε
2267 1283 2390 1370 τὴν

227 1375 391 1447 ὖδὸν
425 1373 918 1466 ’,Αδείμαντος
969 1385 1082 1450 καὶ
1128 1382 1279 1462 δέος
1321 1377 1516 1452 οὐδὲν
1558 1382 1648 1471 μὴ
1696 1376 2157 1474 ἀπολειφθεὶς
2198 1381 2391 1473 ἡμῶν

232 1475 789 1574 ἀποβουκοληθῇ.

400 1592 626 1655 AYK.
708 1582 962 1673 Ὁρᾶτε,
1006 1586 1098 1676 μὴ
1145 1585 1380 1655 σκαιὸν
1421 1572 1466 1676 ᾗ
1514 1590 1716 1675 φίλον
1761 1581 2230 1667 ἀπολιπόντας
2275 1584 2390 1655 αὖ·

129 1699 212 1750 251
234 1687 395 1767 τοῦς
439 1682 742 1757 ἀπιέναι.
811 1687 1188 1774 βαδίζωμεν
1228 1682 1292 1755 δ’
1331 1712 1536 1774 ομως,
1582 1689 1781 1757 εἶκαὶ
1810 1695 2163 1778 Σαμίππῳ
2192 1694 2390 1759 τοῦτο

231 1791 432 1860 δοκεῖ.

399 1898 637 1962 ΣΛΜ.
722 1896 862 1962 Καὶ
906 1894 1089 1979 μάλα
1135 1894 1347 1976 δοκεῖ,
1393 1889 1475 1983 ἤν
1519 1918 1669 1973 πως
1715 1888 2080 1982 ἀνεῳγυῖαν
2123 1921 2225 1964 ετι
2265 1896 2389 1983 τὴν

225 1998 654 2081 παλαίστραν
703 1997 1203 2083 καταλάβωμεν.
1297 2003 1355 2064 5.
1405 1991 1579 2064 ἀλλα
1622 1996 1873 2082 μεταξὺ
1918 1997 2150 2086 λόγων,
2193 1995 2463 2088 ἦλίκηὸ

228 2104 418 2179 ναῦς.
480 2100 694 2169 ε’ίκοσι
745 2101 859 2168 καὶ
915 2099 1152 2168 ἑκατὸν
1210 2100 1476 2188 πήχεων
1534 2099 1716 2186 ἔλεγε
1766 2099 1845 2166 τὸ
1898 2105 2105 2188 μῆκος
2148 2098 2185 2167 6
2232 2127 2391 2170 ναυ-

191 2197 475 2293 Ῑπηγός,
535 2227 728 2292 ευρος
785 2203 858 2271 δὲ
905 2198 1077 2290 ὑπὲρ
1120 2202 1198 2271 τὸ
1244 2207 1564 2290 τέταρτον
1607 2201 1906 2289 μάλιστα
1949 2203 2220 2286 τούτου,
2277 2207 2391 2273 καὶ

228 2300 367 2374 ἀπὸ
429 2309 552 2374 τοῦ
605 2306 1171 2391 καταστρώματος
1229 2304 1298 2383 ἐς
1350 2305 1471 2372 τὸν
1514 2310 1870 2391 πυθμένα,
1914 2301 1959 2395 ᾗ
1999 2309 2391 2392 βαθύτατον

225 2407 398 2477 κατὰ
441 2407 561 2477 τὸν
607 2403 866 2490 ἄντλον,
913 2406 1102 2476 ἐννέα
1130 2406 1307 2492 πρὸς
1333 2422 1481 2487 τοῖς
1513 2408 1745 2477 ε’ίκοσι.
1817 2408 1904 2476 τὰ
1938 2403 2001 2476 δ’
2041 2405 2213 2476 ἄλλα
2242 2407 2389 2493 ἡλί-

225 2536 340 2591 κος
394 2511 517 2597 μὲν
574 2507 610 2579 6
671 2510 890 2592 ἱστός,
951 2506 1114 2595 ὅσην
1170 2510 1245 2576 δὲ
1303 2506 1523 2592 ἀνέχει
1579 2510 1700 2599 τὴν
1742 2517 2048 2596 κεραίαν,
2110 2511 2235 2598 οἵῳ
2277 2515 2389 2579 καὶ

225 2613 543 2701 προτόνῳ
597 2617 907 2701 κέχρηται
965 2615 1078 2680 καὶ
1137 2617 1512 2696 συνέχεται,
1573 2606 1666 2690 ιῦς
1724 2613 1798 2678 δὲ
1853 2608 1894 2701 ἡ
1952 2613 2224 2698 πρύμνα
2265 2612 2390 2696 μὲν

227 2716 673 2805 ἐπανέστηκεν
745 2710 959 2802 ἠρέμα
1031 2713 1342 2803 καμπύλη
1403 2718 1689 2801 χρυσοῦν
1750 2719 2060 2802 χηνίσκον
2134 2713 2389 2782 ἐπικει-

218 2823 417 2907 μένη,
478 2842 872 2905 καταντικρυ
931 2817 1005 2885 δὲ
1061 2813 1390 2902 ἀνάλογον
1446 2812 1485 2902 ἦ
1542 2819 1786 2902 πρῷρα
1828 2811 2275 2904 ῦπερβέβηκεν
2320 2816 2392 2895 ἐς

217 2919 298 2988 τὸ
348 2919 589 3007 πρόσω
636 2916 1226 3041 ἀπομηκυνομένη,
1285 2917 1406 3007 τὴν
1453 2917 1803 3003 ἐπώνυμον
1848 2921 1968 3003 τῆς
2011 2916 2176 2996 νεώς
2218 2917 2391 2986 θεὸν

114 3042 203 3095 252
228 3024 474 3108 ’ἔχουσα
528 3022 651 3112 τὴν
695 3008 853 3091 Ισιν
911 3021 1359 3108 ἑκατέρωθεν·
1435 3017 1471 3089 ὃ
1530 3021 1652 3105 μὲν
1703 3021 1831 3109 γὰρ
1877 3015 2079 3100 αλλος
2120 3021 2388 3107 κόσμος,

221 3127 298 3194 αἱ
352 3128 614 3215 γραφαὶ
668 3129 779 3194 καὶ
835 3129 956 3225 τοῦ
1015 3125 1234 3193 ἱστίου
1277 3124 1357 3192 τὸ
1403 3124 1784 3212 παράσειον
1826 3130 2193 3211 πυραυγές,
2250 3124 2386 3210 πρὸ

216 3228 482 3297 τούτων
541 3229 614 3296 αἱ
660 3253 936 3314 αγκυραι
979 3232 1092 3296 καὶ
1138 3240 1470 3316 στροφεῖα
1513 3231 1626 3296 καὶ
1669 3243 2115 3315 περιαγωγεῖς
2156 3232 2270 3296 καὶ
2319 3229 2392 3295 αἱ

215 3329 394 3398 κατὰ
449 3329 572 3418 τὴν
631 3331 939 3417 πρύμναν
997 3330 1295 3420 οἰκήσεις
1336 3330 1700 3415 θαυμάσια
1743 3330 1972 3399 πάντα
2015 3354 2136 3414 μοι
2179 3328 2387 3408 ἔδοξε.

217 3439 285 3501 6.
328 3434 445 3500 καὶ
498 3431 577 3500 τὸ
639 3435 772 3499 τῶν
829 3435 1086 3500 ναυτῶν
1129 3434 1404 3520 πλῆθος
1451 3432 1888 3520 στρατοπέδῳ
1935 3426 2016 3499 ἀν
2059 3455 2162 3508 τις
2207 3430 2386 3496 εἰκά-
2421 3450 2460 3505 6

221 3559 428 3604 σειεν.
520 3534 779 3622 ἐλέγετο
841 3535 915 3602 δὲ
970 3538 1080 3604 καὶ
1138 3539 1466 3603 τοσοῦτον
1524 3530 1709 3622 ἄγειν
1753 3547 1973 3615 σῖτον,
2029 3528 2119 3610 ὥς
2165 3531 2392 3603 ἱκανὸν

220 3634 405 3706 εἶναι
463 3640 645 3705 πᾶσι
702 3651 848 3715 τοῖς
903 3636 971 3704 ἐν
1026 3641 1109 3726 τῇ
1148 3631 1435 3724 Ἀττικῇ
1495 3635 1833 3705 ἐνιαύσιον
1888 3632 2065 3719 πρὸς
2112 3633 2389 3722 τροφήν.

216 3733 498 3808 κάκεῖνα
558 3738 784 3807 πάντα
839 3739 1075 3826 μικρός
1119 3765 1223 3820 τις
1268 3733 1751 3827 ἀνθρωπίσκος
1794 3742 2003 3824 γέρων
2046 3731 2173 3826 ἤδη
2221 3736 2391 3805 ἒσω-

221 3842 333 3924 ζεν
384 3836 521 3910 ῦπὸ
580 3843 796 3933 λεπτῇ
851 3841 1100 3927 κάμακι
1156 3840 1241 3909 τὰ
1284 3844 1648 3929 τηλικαῦτα
1692 3839 1994 3960 πηδάλια
2038 3845 2392 3926 περιστρέ-

221 3961 419 4034 φων
506 3942 778 4035 ἐδείχθη
822 3939 948 4033 γάρ
991 3970 1111 4029 μοι
1155 3938 1665 4033 ἀναφαλαντίας
1706 3966 1831 4025 τις,
1879 3928 2103 4023 οῦλος,
2144 3933 2390 4028 ’Ὴρων,

221 4044 443 4132 οἶμαι,
488 4042 806 4132 τοῦνομα.
