2867 4525
1184 237 1423 295 ῘΠΠΙΑΣ.
2267 242 2387 301 107

225 405 456 493 λόγοις
495 406 617 490 μὲν
674 402 845 495 παρ’
910 401 1141 476 ὅντινα
1181 407 1411 492 βούλει
1454 411 1587 475 τῶν
1646 407 1780 494 πρὸ
1828 401 2035 477 αὐτοῦ
2076 435 2393 498 γεγυμνα-

226 514 473 593 σμένου
515 512 628 577 καὶ
661 515 960 577 συνεῖναί
1001 534 1076 577 τε
1118 503 1308 588 ὀξέος
1351 513 1464 578 καὶ
1498 509 1899 600 ἑρμηνεῦσαι
1944 513 2389 599 σαφεστάτου,

218 609 312 677 τὰ
359 610 431 677 δὲ
475 610 632 698 ἔργα
677 610 853 678 πολὺ
899 614 1034 678 τῶν
1078 611 1292 698 λόγων
1332 609 1585 697 ἀμείνω
1616 617 2072 699 παρεχομένου
2116 616 2227 682 καὶ
2271 612 2391 704 τὴν

220 716 346 802 τῆς
395 719 624 802 τέχνης
679 709 1045 797 ὑπόσχεσιν
1100 708 1689 803 ἀποπληροῦντος,
1752 708 1869 782 οὒκ
1925 714 1994 783 ἐν
2044 716 2393 796 τοιαύταις

222 814 347 900 μὲν
389 811 834 899 ὗποσχέσεσιν
865 815 933 883 ἐν
978 814 1088 895 αἶς
1119 816 1186 883 οἱ
1216 815 1350 902 πρὸ
1402 809 1607 884 αύτοῦ
1634 822 1956 904 γενέσθαι
2000 812 2389 908 ηὗτύχησαν,

146 914 403 984 69κατὰ
448 917 522 985 δὲ
565 916 684 985 τὸν
727 917 1168 1004 γεωμετρικὸν
1213 918 1409 1004 λόγον
1450 915 1567 986 ἐπὶ
1608 922 1729 1005 τῆς
1773 920 2113 1005 δοθείσης,
2160 927 2391 1009 φασίν,

226 1015 506 1097 εὐθείας
533 1017 610 1086 τὸ
642 1026 963 1106 τρίγωνον
995 1013 1286 1105 ἀκριβῶς
1317 1022 1817 1106 συνισταμένου.
1890 1027 2116 1090 καίτοι
2154 1025 2290 1089 τῶν
2319 1047 2392 1108 γε

226 1116 450 1188 ἄλλων
504 1120 779 1200 έκαστος
829 1120 898 1189 έν
939 1147 1010 1190 τι
1051 1133 1170 1210 τῆς
1215 1122 1589 1212 ἐπιστήμης
1646 1121 1835 1210 έργον
1889 1117 2394 1209 ἀποτεμόμενος

225 1222 297 1289 ἐν
342 1222 570 1309 ἐκείνῳ
616 1218 1059 1313 εἰδοκιμήσας
1102 1221 1279 1293 εἶναί
1318 1248 1423 1303 τις
1465 1250 1650 1310 ομως
1694 1224 1937 1308 έδοξεν,
1984 1220 2020 1294 ὅ
2070 1225 2144 1292 δὲ
2184 1251 2391 1313 μηχα-

225 1327 427 1392 νικῶν
468 1349 545 1391 τε
573 1314 668 1391 ῶν
709 1324 795 1393 τὰ
827 1329 1068 1412 πρῶτα
1095 1329 1210 1394 καὶ
1238 1331 1713 1416 γεωμετρικῶν,
1760 1326 1863 1395 έτι
1901 1328 1974 1394 δὲ
2019 1324 2393 1414 ἁρμονικῶν

224 1428 340 1494 καὶ
382 1431 723 1511 μουσικῶν
765 1434 1112 1516 φαίνεται,
1169 1432 1284 1497 καὶ
1327 1423 1512 1514 όμως
1556 1429 1835 1497 ἕκαστον
1877 1428 2134 1497 τούτων
2179 1423 2393 1508 ούτως

227 1528 507 1607 ἐντελῶς
537 1529 867 1598 δείκνυσιν
898 1526 989 1610 ῶς
1031 1532 1102 1598 ἓν
1148 1526 1307 1599 αὐτὸ
1340 1531 1548 1616 μόνον
1584 1530 2060 1615 ἐπιστάμενος·
2105 1529 2231 1616 τὴν
2273 1531 2394 1616 μὲν

224 1629 353 1717 γὰρ
383 1633 543 1718 περὶ
577 1625 859 1700 ἀκτίνων
887 1634 1000 1700 καὶ
1033 1626 1459 1700 ἀνακλάσεων
1504 1635 1617 1700 καὶ
1643 1632 2043 1719 κατόπτρων
2071 1637 2393 1718 θεωρίαν,

228 1731 332 1800 ἔτι
377 1732 450 1799 δὲ
495 1726 965 1819 ἀστρονομίαν,
1013 1732 1082 1802 ἐν
1124 1728 1452 1820 ἦπαῖδας
1493 1732 1650 1813 τοὺς
1691 1734 1826 1821 πρὸ
1876 1730 2082 1803 αὖτοῦ
2126 1728 2395 1824 ἀπέφη-

227 1859 358 1917 νεν,
408 1828 525 1902 οὖκ
569 1830 797 1923 ὀλίγου
836 1837 1079 1923 χρόνου
1126 1827 1212 1903 ἀν
1258 1836 1360 1926 ε’ίη
1408 1836 1729 1905 ἐπαινεῖν.

402 1943 462 2005 4.
493 1936 586 2004 “A
629 1938 703 2005 δὲ
747 1936 1017 2025 ἔναγχος
1062 1937 1224 2007 ἰδῶν
1272 1933 1476 2006 αὐτοῦ
1517 1941 1654 2006 τῶν
1699 1937 1907 2025 ἔργων
1948 1937 2390 2028 κατεπλάγην,
2426 1953 2464 2008 4

232 2032 355 2106 οὗκ
411 2033 670 2130 ὀκνήσω
727 2039 974 2108 εἰπεῖν·
1043 2040 1226 2127 κοινὴ
1279 2040 1403 2125 μὲν
1458 2038 1585 2127 γὰρ
1639 2035 1680 2128 ἡ
1740 2036 2081 2119 ὗπόθεσις
2134 2043 2247 2107 καὶ
2299 2045 2398 2128 τῷ

229 2134 403 2209 καθ’
449 2139 628 2227 ἡμᾶς
668 2148 800 2231 βίῳ
845 2143 1025 2211 πάνυ
1064 2142 1304 2231 πολλή,
1348 2144 1709 2228 βαλανείου
1752 2141 2155 2232 κατασκευή·
2201 2148 2397 2232 περί-

232 2270 391 2313 νοια
434 2244 508 2313 δὲ
535 2247 649 2313 καὶ
694 2242 763 2312 ἐν
792 2247 892 2333 τῷ
920 2249 1123 2333 κοινῷ
1155 2244 1373 2333 τούτῳ
1418 2244 1684 2325 σύνεσις
1726 2238 2111 2331 θαυμαστή.
2184 2244 2399 2324 τόπος

232 2347 355 2432 μὲν
401 2333 482 2437 ἦν
525 2342 644 2415 ούκ
688 2346 1047 2431 ἐπίπεδος,
1109 2342 1281 2415 ἀλλὰ
1325 2345 1508 2415 πάνυ
1551 2347 1936 2437 προσάντης
1976 2351 2091 2416 καὶ
2135 2342 2397 2434 ὄρθιος,

157 2465 218 2515 70
239 2449 319 2518 ὃν
384 2449 800 2537 παραλαβών
871 2449 1043 2518 κατὰ
1116 2450 1381 2538 θάτερα
1449 2450 1547 2528 εἰς
1607 2446 1985 2536 ὖπερβολὴν
2054 2450 2395 2532 ταπεινόν,

235 2544 560 2620 ἰσόπεδον
632 2556 906 2640 θατέρῳ
980 2550 1315 2642 ἀπέφηνε,
1397 2552 1694 2641 κρηπῖδα
1763 2553 1884 2635 μὲν
1955 2551 2399 2641 βεβαιοτάτην

234 2651 492 2723 ἅπαντι
532 2658 631 2740 τῷ
673 2653 844 2742 ἔργῳ
885 2655 1260 2740 βαλόμενος
1301 2655 1414 2721 καὶ
1471 2653 1810 2737 θεμελίων
1860 2655 2059 2720 θέσει
2101 2652 2222 2739 τήν
2265 2656 2399 2719 τῶν

233 2756 733 2841 ἐπιτιθεμένων
779 2752 1159 2846 ἀσφάλειαν
1204 2749 1795 2839 ἐμπεδωσάμενος,
1846 2746 2058 2839 ὕψεσι
2102 2753 2174 2821 δὲ
2217 2753 2398 2822 πάνυ

234 2852 618 2943 ἀποτόμοις
658 2861 772 2927 καὶ
800 2858 976 2943 πρὸς
1007 2853 1387 2947 ἀσφάλειαν
1433 2861 1893 2942 συνεχομένοις
1919 2854 1996 2924 τὸ
2043 2849 2199 2923 ὅλον
2242 2881 2397 2942 κρα-

233 2959 627 3046 τυνάμενος·
699 2959 784 3028 τὰ
852 2961 926 3029 δὲ
993 2960 1625 3048 ἐποικοδομηθέντα
1693 2962 1793 3046 τῷ
1856 2983 1931 3026 τε
1994 2961 2114 3026 τοῦ
2181 2957 2399 3026 τόπου

232 3067 514 3150 μεγέθει
574 3063 918 3150 σύμμετρα
969 3065 1082 3130 καὶ
1124 3066 1223 3150 τῷ
1268 3057 1516 3152 εὐλόγῳ
1567 3065 1685 3153 τῆς
1739 3063 2142 3151 κατασκευῆς
2186 3055 2398 3147 ἆρμο-

234 3167 532 3234 νιιύτατα
573 3168 687 3233 καὶ
741 3164 858 3234 τὸν
901 3168 1034 3233 τῶν
1079 3165 1325 3254 φώτων
1371 3164 1569 3251 λόγον
1624 3163 2068 3253 φυλάττοντα.
2157 3168 2218 3229 5.
2262 3187 2395 3230 πυ-
2429 3175 2466 3231 5

235 3267 370 3336 λῶν
414 3268 536 3353 μὲν
566 3263 830 3357 ὕψηλὸς
859 3261 1222 3352 ἀναβάσεις
1252 3270 1583 3345 πλατείας
1627 3265 1811 3350 ἔχων,
1857 3264 2100 3343 ῧπτιος
2142 3265 2397 3349 μᾶλλον

234 3361 274 3459 ἢ
315 3365 562 3454 ὄρθιος
605 3369 782 3455 πρὸς
825 3368 946 3456 τὴν
987 3372 1122 3436 τῶν
1167 3363 1492 3438 ἀνιόντων
1537 3367 1922 3454 εὐμάρειαν·
1977 3363 2276 3433 εἰσιόντα
2322 3366 2395 3433 δὲ

233 3477 472 3540 τοῦτον
540 3471 873 3556 ἐκδέχεται
935 3469 1157 3549 κοινὸς
1223 3467 1404 3549 οἶκος
1470 3463 1867 3557 εὗμεγέθης,
1938 3466 2166 3556 ἱκανὴν
2232 3466 2399 3551 έχων

232 3572 604 3665 ὖπηρέταις
644 3576 758 3642 καὶ
805 3572 1208 3651 ἀκολούθοις
1252 3571 1619 3658 διατριβήν,
1670 3569 1738 3637 ἐν
1784 3568 2103 3658 ἀριστερᾷ
2148 3568 2219 3636 δὲ
2261 3572 2395 3637 τῶν

236 3675 319 3756 ἐς
344 3677 604 3768 τρυφὴν
648 3677 1290 3763 παρεσκευασμένων
1329 3673 1742 3761 οἰκημάτων·
1785 3673 2123 3758 βαλανείῳ
2168 3664 2229 3737 δ’
2280 3696 2398 3740 ουν

233 3782 348 3848 καὶ
413 3782 630 3847 ταῦτα
694 3777 1265 3868 πρεπωδέστατα,
1322 3781 1682 3861 χαρίεσσαι
1746 3775 1858 3840 καὶ
1925 3775 2104 3861 φωτὶ
2160 3776 2396 3861 πολλῷ

160 3901 217 3952 71
238 3877 847 3965 καταλαμπόμεναι
903 3875 1383 3966 ὑποχωρήσεις.
1474 3871 1595 3945 εἶτ’
1659 3870 1972 3960 ἐχόμενος
2016 3871 2235 3942 αὐτῶν
2294 3871 2396 3942 οἶ-

232 4008 380 4065 κος,
436 3983 756 4070 περιττὸς
797 3981 920 4067 μὲν
964 3977 1054 4061 ὥς
1098 3981 1271 4068 πρὸς
1315 3980 1390 4048 τὸ
1443 3977 1737 4062 λουτρόν,
1786 3972 2143 4064 ἀναγκαῖος
2188 3976 2260 4043 δὲ
2304 3972 2396 4054 ὥς
