<?xml version="1.0" encoding="UTF-8"?>
<!DOCTYPE html PUBLIC "-//W3C//DTD XHTML 1.0 Transitional//EN"
    "http://www.w3.org/TR/xhtml1/DTD/xhtml1-transitional.dtd">
<html xmlns="http://www.w3.org/1999/xhtml" xml:lang="en" lang="en">
 <head>
  <title>
</title>
<meta http-equiv="Content-Type" content="text/html;charset=utf-8" />
  <meta name='ocr-system' content='tesseract 3.04.00' />
  <meta name='ocr-capabilities' content='ocr_page ocr_carea ocr_par ocr_line ocrx_word'/>
</head>
<body>
  <div class='ocr_page' id='page_1' title='image "./lucianus02sommgoog/lucianus02sommgoog_0106.png"; bbox 0 0 2867 4525; ppageno 0'>
   <div class='ocr_carea' id='block_1_1' title="bbox 433 125 2843 249">
    <p class='ocr_par' dir='ltr' id='par_1_1' title="bbox 433 125 2843 249">
     <span class='ocr_line' id='line_1_1' title="bbox 433 125 2843 249; baseline -0.002 0"><span class='ocrx_word' id='word_1_1' title='bbox 433 192 517 249; x_wconf 84' lang='lat'><strong><em>88</em></strong></span> <span class='ocrx_word' id='word_1_2' title='bbox 1291 234 1295 238; x_wconf 87' lang='lat'><em>-</em></span> <span class='ocrx_word' id='word_1_3' title='bbox 1332 191 1617 248; x_wconf 76' lang='grc' dir='ltr'><strong>ΛΟΥΚΙΑΝ</strong></span> <span class='ocrx_word' id='word_1_4' title='bbox 1620 195 1705 247; x_wconf 90' lang='grc' dir='ltr'><strong><em>ΟΥ</em></strong></span> <span class='ocrx_word' id='word_1_5' title='bbox 2829 125 2843 234; x_wconf 34' lang='lat' dir='ltr'><em>J</em></span> 
     </span>
    </p>
   </div>
   <div class='ocr_carea' id='block_1_2' title="bbox 359 357 2842 4031">
    <p class='ocr_par' dir='ltr' id='par_1_2' title="bbox 423 357 2842 862">
     <span class='ocr_line' id='line_1_2' title="bbox 430 357 2596 450; baseline -0 -22"><span class='ocrx_word' id='word_1_6' title='bbox 430 364 1035 450; x_wconf 81' lang='grc' dir='ltr'><strong><em>παραστησάμενος</em></strong></span> <span class='ocrx_word' id='word_1_7' title='bbox 1064 363 1149 430; x_wconf 81' lang='grc' dir='ltr'><strong><em>τὰ</em></strong></span> <span class='ocrx_word' id='word_1_8' title='bbox 1183 359 1449 444; x_wconf 89' lang='grc' dir='ltr'><strong><em>παιδία,</em></strong></span> <span class='ocrx_word' id='word_1_9' title='bbox 1497 363 1670 430; x_wconf 72' lang='grc' dir='ltr'><strong><em>ιδ’στε</em></strong></span> <span class='ocrx_word' id='word_1_10' title='bbox 1697 361 1782 449; x_wconf 85' lang='grc' dir='ltr'><strong><em>με</em></strong></span> <span class='ocrx_word' id='word_1_11' title='bbox 1825 366 1935 430; x_wconf 88' lang='grc' dir='ltr'><strong><em>καὶ</em></strong></span> <span class='ocrx_word' id='word_1_12' title='bbox 1968 357 2450 445; x_wconf 75' lang='grc' dir='ltr'><strong><em>ἀποβλέποντα</em></strong></span> <span class='ocrx_word' id='word_1_13' title='bbox 2498 359 2596 439; x_wconf 81' lang='grc' dir='ltr'><strong><em>εἰς</em></strong></span> 
     </span>
     <span class='ocr_line' id='line_1_3' title="bbox 433 459 2842 554; baseline -0.001 -23"><span class='ocrx_word' id='word_1_14' title='bbox 433 459 634 533; x_wconf 72' lang='grc' dir='ltr'><strong><em>αὐτὸν</em></strong></span> <span class='ocrx_word' id='word_1_15' title='bbox 681 468 960 533; x_wconf 83' lang='grc' dir='ltr'><em>ποικίλα</em></span> <span class='ocrx_word' id='word_1_16' title='bbox 1005 465 1282 544; x_wconf 74' lang='grc' dir='ltr'><strong><em>ἐννοεῖν,</em></strong></span> <span class='ocrx_word' id='word_1_17' title='bbox 1332 462 1483 552; x_wconf 74' lang='grc' dir='ltr'><strong><em>ι’ίρτι</em></strong></span> <span class='ocrx_word' id='word_1_18' title='bbox 1527 467 1647 551; x_wconf 86' lang='grc' dir='ltr'><strong><em>μὲν</em></strong></span> <span class='ocrx_word' id='word_1_19' title='bbox 1694 463 1784 545; x_wconf 81' lang='grc' dir='ltr'><strong><em>ὥς</em></strong></span> <span class='ocrx_word' id='word_1_20' title='bbox 1826 465 2111 554; x_wconf 85' lang='grc' dir='ltr'><strong><em>μεμήνοι</em></strong></span> <span class='ocrx_word' id='word_1_21' title='bbox 2152 466 2265 531; x_wconf 89' lang='grc' dir='ltr'><strong><em>καὶ</em></strong></span> <span class='ocrx_word' id='word_1_22' title='bbox 2311 462 2442 541; x_wconf 71' lang='grc' dir='ltr'><strong><em>ἔξω</em></strong></span> <span class='ocrx_word' id='word_1_23' title='bbox 2489 462 2592 551; x_wconf 83' lang='grc' dir='ltr'><strong><em>ε’ίη</em></strong></span> <span class='ocrx_word' id='word_1_24' title='bbox 2841 517 2842 550; x_wconf 28' lang='lat'>¹</span> 
     </span>
     <span class='ocr_line' id='line_1_4' title="bbox 429 557 2598 657; baseline -0.001 -24"><span class='ocrx_word' id='word_1_25' title='bbox 429 564 549 634; x_wconf 79' lang='grc' dir='ltr'><strong><em>τοῦ</em></strong></span> <span class='ocrx_word' id='word_1_26' title='bbox 607 568 1132 657; x_wconf 77' lang='grc' dir='ltr'><strong><em>καθεστηκότος,</em></strong></span> <span class='ocrx_word' id='word_1_27' title='bbox 1205 566 1359 656; x_wconf 74' lang='grc' dir='ltr'><strong><em>ἄρτι</em></strong></span> <span class='ocrx_word' id='word_1_28' title='bbox 1425 568 1499 635; x_wconf 82' lang='grc' dir='ltr'><strong><em>δὲ</em></strong></span> <span class='ocrx_word' id='word_1_29' title='bbox 1552 565 1645 647; x_wconf 78' lang='grc' dir='ltr'><strong><em>ὥς</em></strong></span> <span class='ocrx_word' id='word_1_30' title='bbox 1708 567 1868 656; x_wconf 88' lang='grc' dir='ltr'><strong><em>γόης</em></strong></span> <span class='ocrx_word' id='word_1_31' title='bbox 1924 557 2016 635; x_wconf 74' lang='grc' dir='ltr'><strong><em>ὢν</em></strong></span> <span class='ocrx_word' id='word_1_32' title='bbox 2082 562 2212 649; x_wconf 75' lang='grc' dir='ltr'><strong><em>ἄρα</em></strong></span> <span class='ocrx_word' id='word_1_33' title='bbox 2267 568 2598 631; x_wconf 82' lang='grc' dir='ltr'><strong><em>τοσοῦτον</em></strong></span> 
     </span>
     <span class='ocr_line' id='line_1_5' title="bbox 423 664 2672 761; baseline -0.002 -25"><span class='ocrx_word' id='word_1_34' title='bbox 423 669 662 758; x_wconf 90' lang='grc' dir='ltr'><strong><em>χρόνον</em></strong></span> <span class='ocrx_word' id='word_1_35' title='bbox 709 664 1021 759; x_wconf 75' lang='grc' dir='ltr'><strong><em>ἐλελήθει</em></strong></span> <span class='ocrx_word' id='word_1_36' title='bbox 1066 697 1150 756; x_wconf 90' lang='grc' dir='ltr'><strong><em>με</em></strong></span> <span class='ocrx_word' id='word_1_37' title='bbox 1191 668 1325 738; x_wconf 82' lang='grc' dir='ltr'><strong><em>ὗπὸ</em></strong></span> <span class='ocrx_word' id='word_1_38' title='bbox 1373 676 1456 760; x_wconf 82' lang='grc' dir='ltr'><strong><em>τῇ</em></strong></span> <span class='ocrx_word' id='word_1_39' title='bbox 1509 674 1744 761; x_wconf 82' lang='grc' dir='ltr'><strong><em>λεοντῇ</em></strong></span> <span class='ocrx_word' id='word_1_40' title='bbox 1786 669 2046 757; x_wconf 92' lang='grc' dir='ltr'><strong><em>γελοῖόν</em></strong></span> <span class='ocrx_word' id='word_1_41' title='bbox 2092 695 2241 736; x_wconf 92' lang='grc' dir='ltr'><strong><em>τινα</em></strong></span> <span class='ocrx_word' id='word_1_42' title='bbox 2286 672 2672 753; x_wconf 84' lang='grc' dir='ltr'><strong><em>πίθηκον34</em></strong></span> 
     </span>
     <span class='ocr_line' id='line_1_6' title="bbox 432 765 1805 862; baseline 0 -23"><span class='ocrx_word' id='word_1_43' title='bbox 432 773 916 859; x_wconf 76' lang='grc' dir='ltr'><strong><em>περιστέλλων·</em></strong></span> <span class='ocrx_word' id='word_1_44' title='bbox 965 765 1175 852; x_wconf 58' lang='grc' dir='ltr'><strong><em>οὕτως</em></strong></span> <span class='ocrx_word' id='word_1_45' title='bbox 1222 769 1449 862; x_wconf 66' lang='grc' dir='ltr'><strong><em>ἄτοπα</em></strong></span> <span class='ocrx_word' id='word_1_46' title='bbox 1496 774 1805 861; x_wconf 89' lang='grc' dir='ltr'><strong><em>διηγεῖτο.</em></strong></span> 
     </span>
    </p>

    <p class='ocr_par' dir='ltr' id='par_1_3' title="bbox 432 857 2605 1165">
     <span class='ocr_line' id='line_1_7' title="bbox 608 857 2605 998; baseline -0.002 -59"><span class='ocrx_word' id='word_1_47' title='bbox 608 879 805 998; x_wconf 61' lang='grc' dir='ltr'><strong><em>ΦζΛ.</em></strong></span> <span class='ocrx_word' id='word_1_48' title='bbox 901 882 1068 942; x_wconf 87' lang='grc' dir='ltr'><strong><em>Τίνα</em></strong></span> <span class='ocrx_word' id='word_1_49' title='bbox 1121 880 1333 942; x_wconf 83' lang='grc' dir='ltr'><strong><em>ταῦτα</em></strong></span> <span class='ocrx_word' id='word_1_50' title='bbox 1392 874 1568 962; x_wconf 85' lang='grc' dir='ltr'><strong><em>πρὸς</em></strong></span> <span class='ocrx_word' id='word_1_51' title='bbox 1628 879 1746 965; x_wconf 83' lang='grc' dir='ltr'><strong><em>τῆς</em></strong></span> <span class='ocrx_word' id='word_1_52' title='bbox 1792 871 2080 953; x_wconf 85' lang='grc' dir='ltr'><strong><em>Ἑστίας,</em></strong></span> <span class='ocrx_word' id='word_1_53' title='bbox 2149 857 2206 937; x_wconf 73' lang='grc' dir='ltr'><em>ὦ</em></span> <span class='ocrx_word' id='word_1_54' title='bbox 2272 870 2605 959; x_wconf 71' lang='grc' dir='ltr'><strong><em>Τυχιάδης</em></strong></span> 
     </span>
     <span class='ocr_line' id='line_1_8' title="bbox 434 970 2605 1066; baseline -0.002 -23"><span class='ocrx_word' id='word_1_55' title='bbox 434 976 651 1043; x_wconf 87' lang='grc' dir='ltr'><strong><em>εθέλω</em></strong></span> <span class='ocrx_word' id='word_1_56' title='bbox 695 1002 820 1064; x_wconf 93' lang='grc' dir='ltr'><strong><em>γαρ</em></strong></span> <span class='ocrx_word' id='word_1_57' title='bbox 869 970 1189 1044; x_wconf 89' lang='grc' dir='ltr'><strong><em>ειδέναι</em></strong></span> <span class='ocrx_word' id='word_1_58' title='bbox 1160 973 1392 1065; x_wconf 85' lang='grc' dir='ltr'><strong><em>η’ντινα</em></strong></span> <span class='ocrx_word' id='word_1_59' title='bbox 1435 977 1554 1066; x_wconf 77' lang='grc' dir='ltr'><strong><em>τὴν</em></strong></span> <span class='ocrx_word' id='word_1_60' title='bbox 1614 975 2003 1058; x_wconf 78' lang='grc' dir='ltr'><strong><em>ἀλαζονείαν</em></strong></span> <span class='ocrx_word' id='word_1_61' title='bbox 2046 973 2179 1041; x_wconf 72' lang='grc' dir='ltr'><strong><em>ὑπὸ</em></strong></span> <span class='ocrx_word' id='word_1_62' title='bbox 2226 973 2605 1062; x_wconf 79' lang='grc' dir='ltr'><strong><em>τηλικούτῳ</em></strong></span> 
     </span>
     <span class='ocr_line' id='line_1_9' title="bbox 432 1078 1192 1165; baseline 0.001 -20"><span class='ocrx_word' id='word_1_63' title='bbox 432 1082 533 1165; x_wconf 72' lang='grc' dir='ltr'><strong><em>τῷ</em></strong></span> <span class='ocrx_word' id='word_1_64' title='bbox 577 1078 854 1165; x_wconf 84' lang='grc' dir='ltr'><strong><em>πώγωνι</em></strong></span> <span class='ocrx_word' id='word_1_65' title='bbox 898 1078 1192 1146; x_wconf 86' lang='grc' dir='ltr'><strong><em>ε’σκεπεν.</em></strong></span> 
     </span>
    </p>

    <p class='ocr_par' dir='ltr' id='par_1_4' title="bbox 359 1177 2677 3824">
     <span class='ocr_line' id='line_1_10' title="bbox 359 1177 2608 1300; baseline -0.002 -54"><span class='ocrx_word' id='word_1_66' title='bbox 359 1190 399 1246; x_wconf 79' lang='grc'><strong>6</strong></span> <span class='ocrx_word' id='word_1_67' title='bbox 605 1186 664 1248; x_wconf 91' lang='grc'><strong><em>6.</em></strong></span> <span class='ocrx_word' id='word_1_68' title='bbox 719 1188 924 1247; x_wconf 90' lang='lat' dir='ltr'><strong><em>TYX.</em></strong></span> <span class='ocrx_word' id='word_1_69' title='bbox 973 1180 1220 1247; x_wconf 89' lang='grc' dir='ltr'><strong><em>Είωθα</em></strong></span> <span class='ocrx_word' id='word_1_70' title='bbox 1250 1182 1370 1266; x_wconf 82' lang='grc' dir='ltr'><strong><em>μὲν</em></strong></span> <span class='ocrx_word' id='word_1_71' title='bbox 1399 1185 1510 1248; x_wconf 89' lang='grc' dir='ltr'><strong><em>καὶ</em></strong></span> <span class='ocrx_word' id='word_1_72' title='bbox 1551 1177 1808 1262; x_wconf 90' lang='grc' dir='ltr'><strong><em>αλλοτε,</em></strong></span> <span class='ocrx_word' id='word_1_73' title='bbox 1856 1177 1907 1245; x_wconf 83' lang='grc' dir='ltr'>ὥ</span> <span class='ocrx_word' id='word_1_74' title='bbox 1945 1179 2315 1261; x_wconf 83' lang='grc' dir='ltr'><strong><em>Φιλόκλεις,</em></strong></span> <span class='ocrx_word' id='word_1_75' title='bbox 2350 1181 2608 1300; x_wconf 81' lang='grc' dir='ltr'><strong><em>φοιτᾶν</em></strong></span> 
     </span>
     <span class='ocr_line' id='line_1_11' title="bbox 435 1277 2606 1371; baseline -0.002 -22"><span class='ocrx_word' id='word_1_76' title='bbox 435 1281 612 1370; x_wconf 82' lang='grc' dir='ltr'><strong><em>πρὸς</em></strong></span> <span class='ocrx_word' id='word_1_77' title='bbox 659 1277 888 1364; x_wconf 80' lang='grc' dir='ltr'><strong><em>αυτόν,</em></strong></span> <span class='ocrx_word' id='word_1_78' title='bbox 938 1283 1004 1349; x_wconf 90' lang='grc' dir='ltr'><strong><em>εί</em></strong></span> <span class='ocrx_word' id='word_1_79' title='bbox 1044 1309 1214 1350; x_wconf 92' lang='grc' dir='ltr'><strong><em>ποτε</em></strong></span> <span class='ocrx_word' id='word_1_80' title='bbox 1258 1283 1516 1368; x_wconf 87' lang='grc' dir='ltr'><strong><em>πολλὴν</em></strong></span> <span class='ocrx_word' id='word_1_81' title='bbox 1561 1282 1680 1371; x_wconf 88' lang='grc' dir='ltr'><strong><em>τὴν</em></strong></span> <span class='ocrx_word' id='word_1_82' title='bbox 1728 1281 1966 1367; x_wconf 88' lang='grc' dir='ltr'><strong><em>σχολὴν</em></strong></span> <span class='ocrx_word' id='word_1_83' title='bbox 2014 1306 2263 1367; x_wconf 90' lang='grc' dir='ltr'><strong><em>αγοιμι,</em></strong></span> <span class='ocrx_word' id='word_1_84' title='bbox 2309 1279 2606 1367; x_wconf 84' lang='grc' dir='ltr'><strong><em>τήμερον</em></strong></span> 
     </span>
     <span class='ocr_line' id='line_1_12' title="bbox 436 1379 2607 1472; baseline -0.001 -21"><span class='ocrx_word' id='word_1_85' title='bbox 436 1385 509 1452; x_wconf 81' lang='grc' dir='ltr'><strong><em>δὲ</em></strong></span> <span class='ocrx_word' id='word_1_86' title='bbox 539 1391 893 1472; x_wconf 81' lang='grc' dir='ltr'><strong><em>Λεοντίχῳ</em></strong></span> <span class='ocrx_word' id='word_1_87' title='bbox 941 1390 1382 1471; x_wconf 73' lang='grc' dir='ltr'><strong><em>συγγενέσθαι</em></strong></span> <span class='ocrx_word' id='word_1_88' title='bbox 1427 1386 1742 1470; x_wconf 89' lang='grc' dir='ltr'><strong><em>δεόμενος</em></strong></span> <span class='ocrx_word' id='word_1_89' title='bbox 1772 1424 1855 1435; x_wconf 93' lang='lat'><strong><em>—-</em></strong></span> <span class='ocrx_word' id='word_1_90' title='bbox 1895 1384 2157 1470; x_wconf 76' lang='grc' dir='ltr'><strong><em>ἑταῖρος</em></strong></span> <span class='ocrx_word' id='word_1_91' title='bbox 2203 1384 2277 1450; x_wconf 92' lang='grc' dir='ltr'><strong><em>δέ</em></strong></span> <span class='ocrx_word' id='word_1_92' title='bbox 2319 1409 2459 1468; x_wconf 92' lang='grc' dir='ltr'><strong><em>μοι,</em></strong></span> <span class='ocrx_word' id='word_1_93' title='bbox 2509 1379 2607 1461; x_wconf 78' lang='grc' dir='ltr'><strong><em>ὥς</em></strong></span> 
     </span>
     <span class='ocr_line' id='line_1_13' title="bbox 437 1481 2605 1574; baseline -0.001 -21"><span class='ocrx_word' id='word_1_94' title='bbox 437 1484 651 1554; x_wconf 84' lang='grc' dir='ltr'><strong><em>οἶσθα</em></strong></span> <span class='ocrx_word' id='word_1_95' title='bbox 695 1527 779 1536; x_wconf 92' lang='grc'>-</span> <span class='ocrx_word' id='word_1_96' title='bbox 833 1481 1122 1566; x_wconf 82' lang='grc' dir='ltr'><strong><em>ἆκούσας</em></strong></span> <span class='ocrx_word' id='word_1_97' title='bbox 1179 1486 1367 1574; x_wconf 79' lang='grc' dir='ltr'><strong><em>παρὰ</em></strong></span> <span class='ocrx_word' id='word_1_98' title='bbox 1419 1492 1540 1554; x_wconf 83' lang='grc' dir='ltr'><strong><em>τοῦ</em></strong></span> <span class='ocrx_word' id='word_1_99' title='bbox 1591 1487 1840 1566; x_wconf 86' lang='grc' dir='ltr'><strong><em>παιδὸς</em></strong></span> <span class='ocrx_word' id='word_1_100' title='bbox 1893 1483 1985 1564; x_wconf 75' lang='grc' dir='ltr'><strong><em>ὥς</em></strong></span> <span class='ocrx_word' id='word_1_101' title='bbox 2035 1481 2201 1568; x_wconf 82' lang='grc' dir='ltr'><strong><em>παρ’</em></strong></span> <span class='ocrx_word' id='word_1_102' title='bbox 2255 1482 2605 1573; x_wconf 77' lang='grc' dir='ltr'><strong><em>Εὐκράτην</em></strong></span> 
     </span>
     <span class='ocr_line' id='line_1_14' title="bbox 439 1581 2609 1676; baseline -0.002 -20"><span class='ocrx_word' id='word_1_103' title='bbox 439 1589 654 1656; x_wconf 75' lang='grc' dir='ltr'><strong><em>ἕωθεν</em></strong></span> <span class='ocrx_word' id='word_1_104' title='bbox 687 1589 989 1657; x_wconf 79' lang='grc' dir='ltr'><strong><em>ἀπέλθοι</em></strong></span> <span class='ocrx_word' id='word_1_105' title='bbox 1021 1594 1344 1658; x_wconf 80' lang='grc' dir='ltr'><strong><em>νοσοῦντα</em></strong></span> <span class='ocrx_word' id='word_1_106' title='bbox 1375 1590 1930 1674; x_wconf 76' lang='grc' dir='ltr'><strong><em>ἐπισκεψόμενος,</em></strong></span> <span class='ocrx_word' id='word_1_107' title='bbox 1965 1581 2221 1676; x_wconf 80' lang='grc' dir='ltr'><strong><em>ἆμφοῖν</em></strong></span> <span class='ocrx_word' id='word_1_108' title='bbox 2254 1587 2461 1675; x_wconf 72' lang='grc' dir='ltr'><strong><em>ἕνεκα,</em></strong></span> <span class='ocrx_word' id='word_1_109' title='bbox 2507 1582 2609 1665; x_wconf 80' lang='grc' dir='ltr'><strong><em>ὥς</em></strong></span> 
     </span>
     <span class='ocr_line' id='line_1_15' title="bbox 434 1686 2606 1781; baseline -0.001 -23"><span class='ocrx_word' id='word_1_110' title='bbox 434 1695 547 1759; x_wconf 88' lang='grc' dir='ltr'><strong><em>καὶ</em></strong></span> <span class='ocrx_word' id='word_1_111' title='bbox 577 1695 675 1778; x_wconf 71' lang='grc' dir='ltr'><strong><em>τῷ</em></strong></span> <span class='ocrx_word' id='word_1_112' title='bbox 706 1699 1057 1780; x_wconf 82' lang='grc' dir='ltr'><strong><em>Λεοντίχῳ</em></strong></span> <span class='ocrx_word' id='word_1_113' title='bbox 1092 1699 1522 1781; x_wconf 87' lang='grc' dir='ltr'><strong><em>συγγενοίμην</em></strong></span> <span class='ocrx_word' id='word_1_114' title='bbox 1566 1687 1863 1760; x_wconf 82' lang='grc' dir='ltr'><strong><em>κᾶκεῖνον</em></strong></span> <span class='ocrx_word' id='word_1_115' title='bbox 1893 1691 2114 1775; x_wconf 76' lang='grc' dir='ltr'><strong><em>ἰ’δοιμι</em></strong></span> <span class='ocrx_word' id='word_1_116' title='bbox 2144 1728 2227 1737; x_wconf 91' lang='grc'>-</span> <span class='ocrx_word' id='word_1_117' title='bbox 2255 1686 2606 1779; x_wconf 81' lang='grc' dir='ltr'><strong><em>ἠγνοήκειν</em></strong></span> 
     </span>
     <span class='ocr_line' id='line_1_16' title="bbox 433 1789 2605 1913; baseline -0.001 -53"><span class='ocrx_word' id='word_1_118' title='bbox 433 1793 559 1880; x_wconf 82' lang='grc' dir='ltr'><strong><em>γὰρ</em></strong></span> <span class='ocrx_word' id='word_1_119' title='bbox 606 1789 697 1871; x_wconf 75' lang='grc' dir='ltr'><strong><em>ὥς</em></strong></span> <span class='ocrx_word' id='word_1_120' title='bbox 744 1800 973 1883; x_wconf 89' lang='grc' dir='ltr'><strong><em>νοσοίη</em></strong></span> <span class='ocrx_word' id='word_1_121' title='bbox 1022 1832 1102 1842; x_wconf 82' lang='lat'>—</span> <span class='ocrx_word' id='word_1_122' title='bbox 1148 1802 1650 1882; x_wconf 86' lang='grc' dir='ltr'><strong><em>παραγίγνομαι</em></strong></span> <span class='ocrx_word' id='word_1_123' title='bbox 1696 1793 1869 1880; x_wconf 84' lang='grc' dir='ltr'><strong><em>πρὸς</em></strong></span> <span class='ocrx_word' id='word_1_124' title='bbox 1916 1789 2149 1860; x_wconf 79' lang='grc' dir='ltr'><strong><em>αὐτόν·</em></strong></span> <span class='ocrx_word' id='word_1_125' title='bbox 2197 1789 2480 1913; x_wconf 77' lang='grc' dir='ltr'><strong><em>εὑρίσκω</em></strong></span> <span class='ocrx_word' id='word_1_126' title='bbox 2528 1791 2605 1857; x_wconf 80' lang='grc' dir='ltr'><strong><em>δὲ</em></strong></span> 
     </span>
     <span class='ocr_line' id='line_1_17' title="bbox 440 1889 2605 2017; baseline -0.001 -56"><span class='ocrx_word' id='word_1_127' title='bbox 440 1889 690 1962; x_wconf 89' lang='grc' dir='ltr'><strong><em>αυτόθι</em></strong></span> <span class='ocrx_word' id='word_1_128' title='bbox 743 1895 859 1962; x_wconf 84' lang='grc' dir='ltr'><strong><em>τὸν</em></strong></span> <span class='ocrx_word' id='word_1_129' title='bbox 914 1898 1035 1981; x_wconf 81' lang='grc' dir='ltr'><strong><em>μὲν</em></strong></span> <span class='ocrx_word' id='word_1_130' title='bbox 1093 1898 1466 1981; x_wconf 89' lang='grc' dir='ltr'><strong><em>Λεόντιχον</em></strong></span> <span class='ocrx_word' id='word_1_131' title='bbox 1526 1894 1746 1965; x_wconf 78' lang='grc' dir='ltr'><strong><em>οὐκέτι</em></strong></span> <span class='ocrx_word' id='word_1_132' title='bbox 1801 1934 1886 2017; x_wconf 60' lang='grc' dir='ltr'><em>Τ</em></span> <span class='ocrx_word' id='word_1_133' title='bbox 1943 1889 2236 1983; x_wconf 83' lang='grc' dir='ltr'><strong><em>εφθάκει</em></strong></span> <span class='ocrx_word' id='word_1_134' title='bbox 2284 1894 2437 1980; x_wconf 84' lang='grc' dir='ltr'><strong><em>γάρ,</em></strong></span> <span class='ocrx_word' id='word_1_135' title='bbox 2507 1918 2605 1972; x_wconf 92' lang='grc' dir='ltr'><strong><em>ως</em></strong></span> 
     </span>
     <span class='ocr_line' id='line_1_18' title="bbox 439 1991 2605 2118; baseline -0.001 -54.999"><span class='ocrx_word' id='word_1_136' title='bbox 439 1995 746 2085; x_wconf 81' lang='grc' dir='ltr'><strong><em>έφασκεν,</em></strong></span> <span class='ocrx_word' id='word_1_137' title='bbox 794 1991 1021 2084; x_wconf 80' lang='grc' dir='ltr'><strong><em>ὀλίγον</em></strong></span> <span class='ocrx_word' id='word_1_138' title='bbox 1065 1999 1624 2118; x_wconf 85' lang='grc' dir='ltr'><strong><em>προεξεληλυθώς</em></strong></span> <span class='ocrx_word' id='word_1_139' title='bbox 1669 2039 1752 2048; x_wconf 89' lang='grc'><strong>-</strong></span> <span class='ocrx_word' id='word_1_140' title='bbox 1798 1993 2039 2076; x_wconf 87' lang='grc' dir='ltr'><strong><em>αλλους</em></strong></span> <span class='ocrx_word' id='word_1_141' title='bbox 2057 1998 2142 2086; x_wconf 81' lang='grc' dir='ltr'><strong><em>δὲ</em></strong></span> <span class='ocrx_word' id='word_1_142' title='bbox 2189 1995 2483 2080; x_wconf 83' lang='grc' dir='ltr'><strong><em>συχνούς,</em></strong></span> <span class='ocrx_word' id='word_1_143' title='bbox 2531 2021 2605 2061; x_wconf 90' lang='grc' dir='ltr'><strong><em>εν</em></strong></span> 
     </span>
     <span class='ocr_line' id='line_1_19' title="bbox 433 2086 2605 2229; baseline 0 -64"><span class='ocrx_word' id='word_1_144' title='bbox 433 2098 542 2177; x_wconf 85' lang='grc' dir='ltr'><strong><em>οἶς</em></strong></span> <span class='ocrx_word' id='word_1_145' title='bbox 570 2098 963 2188; x_wconf 87' lang='grc' dir='ltr'><strong><em>Κλεόδημός</em></strong></span> <span class='ocrx_word' id='word_1_146' title='bbox 1002 2103 1076 2167; x_wconf 86' lang='grc' dir='ltr'><strong><em>τε</em></strong></span> <span class='ocrx_word' id='word_1_147' title='bbox 1119 2086 1198 2189; x_wconf 79' lang='grc' dir='ltr'><strong><em>ἦν</em></strong></span> <span class='ocrx_word' id='word_1_148' title='bbox 1245 2098 1279 2168; x_wconf 92' lang='lat'><em>5</em></span> <span class='ocrx_word' id='word_1_149' title='bbox 1329 2127 1400 2168; x_wconf 91' lang='grc' dir='ltr'><strong><em>εκ</em></strong></span> <span class='ocrx_word' id='word_1_150' title='bbox 1444 2107 1562 2169; x_wconf 83' lang='grc' dir='ltr'><strong><em>τοῦ</em></strong></span> <span class='ocrx_word' id='word_1_151' title='bbox 1598 2100 2021 2229; x_wconf 84' lang='grc' dir='ltr'><strong><em>Περιπάτου</em></strong></span> <span class='ocrx_word' id='word_1_152' title='bbox 2042 2102 2154 2166; x_wconf 90' lang='grc' dir='ltr'><strong><em>καὶ</em></strong></span> <span class='ocrx_word' id='word_1_153' title='bbox 2183 2099 2605 2182; x_wconf 88' lang='grc' dir='ltr'><strong><em>Δεινόμαχος</em></strong></span> 
     </span>
     <span class='ocr_line' id='line_1_20' title="bbox 439 2197 2606 2287; baseline 0 -18"><span class='ocrx_word' id='word_1_154' title='bbox 439 2198 473 2269; x_wconf 91' lang='lat'><em>5</em></span> <span class='ocrx_word' id='word_1_155' title='bbox 509 2199 802 2281; x_wconf 81' lang='grc' dir='ltr'><strong><em>Στωϊκὸς</em></strong></span> <span class='ocrx_word' id='word_1_156' title='bbox 845 2206 957 2271; x_wconf 88' lang='grc' dir='ltr'><strong><em>καὶ</em></strong></span> <span class='ocrx_word' id='word_1_157' title='bbox 987 2197 1155 2287; x_wconf 80' lang='grc' dir='ltr'><strong><em>Ἴων,</em></strong></span> <span class='ocrx_word' id='word_1_158' title='bbox 1204 2200 1418 2271; x_wconf 86' lang='grc' dir='ltr'><strong><em>οἶσθα</em></strong></span> <span class='ocrx_word' id='word_1_159' title='bbox 1462 2203 1578 2272; x_wconf 86' lang='grc' dir='ltr'><strong><em>τὸν</em></strong></span> <span class='ocrx_word' id='word_1_160' title='bbox 1624 2199 1740 2271; x_wconf 88' lang='grc' dir='ltr'><strong><em>επὶ</em></strong></span> <span class='ocrx_word' id='word_1_161' title='bbox 1783 2216 1927 2281; x_wconf 92' lang='grc' dir='ltr'><strong><em>τοῖς</em></strong></span> <span class='ocrx_word' id='word_1_162' title='bbox 1962 2200 2332 2280; x_wconf 84' lang='grc' dir='ltr'><strong><em>Πλάτωνος</em></strong></span> <span class='ocrx_word' id='word_1_163' title='bbox 2378 2199 2606 2287; x_wconf 87' lang='grc' dir='ltr'><strong><em>λόγοις</em></strong></span> 
     </span>
     <span class='ocr_line' id='line_1_21' title="bbox 437 2301 2606 2394; baseline -0 -24"><span class='ocrx_word' id='word_1_164' title='bbox 437 2305 924 2390; x_wconf 83' lang='grc' dir='ltr'><strong><em>θαυμάζεσθαι</em></strong></span> <span class='ocrx_word' id='word_1_165' title='bbox 981 2302 1293 2385; x_wconf 80' lang='grc' dir='ltr'><strong><em>ἀξιοῦντα</em></strong></span> <span class='ocrx_word' id='word_1_166' title='bbox 1340 2331 1431 2384; x_wconf 89' lang='grc' dir='ltr'><strong><em>ως</em></strong></span> <span class='ocrx_word' id='word_1_167' title='bbox 1474 2306 1678 2391; x_wconf 91' lang='grc' dir='ltr'><strong><em>μόνον</em></strong></span> <span class='ocrx_word' id='word_1_168' title='bbox 1737 2301 2023 2394; x_wconf 75' lang='grc' dir='ltr'><strong><em>ἀκριβῶς</em></strong></span> <span class='ocrx_word' id='word_1_169' title='bbox 2072 2303 2606 2392; x_wconf 83' lang='grc' dir='ltr'><strong><em>κατανενοηκότα</em></strong></span> 
     </span>
     <span class='ocr_line' id='line_1_22' title="bbox 435 2402 2605 2497; baseline 0 -26"><span class='ocrx_word' id='word_1_170' title='bbox 435 2406 557 2494; x_wconf 89' lang='grc' dir='ltr'><strong><em>τὴν</em></strong></span> <span class='ocrx_word' id='word_1_171' title='bbox 600 2407 864 2493; x_wconf 81' lang='grc' dir='ltr'><strong><em>γνώμην</em></strong></span> <span class='ocrx_word' id='word_1_172' title='bbox 909 2412 1029 2475; x_wconf 82' lang='grc' dir='ltr'><strong><em>τοῦ</em></strong></span> <span class='ocrx_word' id='word_1_173' title='bbox 1075 2402 1317 2497; x_wconf 72' lang='grc' dir='ltr'><strong><em>ἀνδρὸς</em></strong></span> <span class='ocrx_word' id='word_1_174' title='bbox 1360 2412 1470 2476; x_wconf 82' lang='grc' dir='ltr'><strong><em>καὶ</em></strong></span> <span class='ocrx_word' id='word_1_175' title='bbox 1516 2422 1661 2486; x_wconf 91' lang='grc' dir='ltr'><strong><em>τοῖς</em></strong></span> <span class='ocrx_word' id='word_1_176' title='bbox 1706 2405 1937 2486; x_wconf 88' lang='grc' dir='ltr'><strong><em>α’λλοις</em></strong></span> <span class='ocrx_word' id='word_1_177' title='bbox 1969 2403 2441 2496; x_wconf 74' lang='grc' dir='ltr'><strong><em>ὑποφητεῦσαι</em></strong></span> <span class='ocrx_word' id='word_1_178' title='bbox 2488 2405 2605 2471; x_wconf 89' lang='grc' dir='ltr'><strong><em>δυ-</em></strong></span> 
     </span>
     <span class='ocr_line' id='line_1_23' title="bbox 439 2507 2601 2633; baseline -0.001 -57"><span class='ocrx_word' id='word_1_179' title='bbox 439 2534 740 2594; x_wconf 92' lang='grc' dir='ltr'><strong><em>ναμενον.</em></strong></span> <span class='ocrx_word' id='word_1_180' title='bbox 831 2507 994 2600; x_wconf 80' lang='grc' dir='ltr'><strong><em>ὁρᾷς</em></strong></span> <span class='ocrx_word' id='word_1_181' title='bbox 1052 2511 1235 2590; x_wconf 80' lang='grc' dir='ltr'><strong><em>οἵους</em></strong></span> <span class='ocrx_word' id='word_1_182' title='bbox 1289 2508 1535 2597; x_wconf 90' lang='grc' dir='ltr'><strong><em>ανδρας</em></strong></span> <span class='ocrx_word' id='word_1_183' title='bbox 1590 2517 1701 2578; x_wconf 91' lang='grc' dir='ltr'><strong><em>σοί</em></strong></span> <span class='ocrx_word' id='word_1_184' title='bbox 1768 2537 1969 2600; x_wconf 89' lang='grc' dir='ltr'><strong><em>φημι,</em></strong></span> <span class='ocrx_word' id='word_1_185' title='bbox 2019 2509 2436 2633; x_wconf 81' lang='grc' dir='ltr'><strong><em>πανσόφους</em></strong></span> <span class='ocrx_word' id='word_1_186' title='bbox 2489 2510 2601 2574; x_wconf 85' lang='grc' dir='ltr'><strong><em>καὶ</em></strong></span> 
     </span>
     <span class='ocr_line' id='line_1_24' title="bbox 436 2605 2601 2702; baseline -0.002 -23.989"><span class='ocrx_word' id='word_1_187' title='bbox 436 2617 885 2698; x_wconf 87' lang='grc' dir='ltr'><strong><em>παναρέτους,</em></strong></span> <span class='ocrx_word' id='word_1_188' title='bbox 951 2606 991 2681; x_wconf 95' lang='grc' dir='ltr'><strong><em>ό</em></strong></span> <span class='ocrx_word' id='word_1_189' title='bbox 1055 2639 1125 2681; x_wconf 90' lang='grc' dir='ltr'><strong><em>τι</em></strong></span> <span class='ocrx_word' id='word_1_190' title='bbox 1189 2639 1320 2701; x_wconf 92' lang='grc' dir='ltr'><strong><em>περ</em></strong></span> <span class='ocrx_word' id='word_1_191' title='bbox 1385 2612 1461 2681; x_wconf 82' lang='grc' dir='ltr'><strong><em>τὸ</em></strong></span> <span class='ocrx_word' id='word_1_192' title='bbox 1529 2613 1895 2702; x_wconf 84' lang='grc' dir='ltr'><strong><em>κεφαλαιον</em></strong></span> <span class='ocrx_word' id='word_1_193' title='bbox 1964 2606 2122 2678; x_wconf 82' lang='grc' dir='ltr'><strong><em>αυτὸ</em></strong></span> <span class='ocrx_word' id='word_1_194' title='bbox 2194 2605 2266 2689; x_wconf 86' lang='grc' dir='ltr'><strong><em>εξ</em></strong></span> <span class='ocrx_word' id='word_1_195' title='bbox 2319 2609 2601 2696; x_wconf 84' lang='grc' dir='ltr'><strong><em>εκάστης</em></strong></span> 
     </span>
     <span class='ocr_line' id='line_1_25' title="bbox 439 2708 2677 2839; baseline 0 -58"><span class='ocrx_word' id='word_1_196' title='bbox 439 2720 917 2839; x_wconf 80' lang='grc' dir='ltr'><strong><em>προαιρέσεως,</em></strong></span> <span class='ocrx_word' id='word_1_197' title='bbox 967 2708 1416 2800; x_wconf 80' lang='grc' dir='ltr'><strong><em>αἰδεσίμους</em></strong></span> <span class='ocrx_word' id='word_1_198' title='bbox 1385 2741 1692 2794; x_wconf 91' lang='grc' dir='ltr'><strong><em>απαντας</em></strong></span> <span class='ocrx_word' id='word_1_199' title='bbox 1719 2718 1832 2782; x_wconf 89' lang='grc' dir='ltr'><strong><em>καὶ</em></strong></span> <span class='ocrx_word' id='word_1_200' title='bbox 1868 2716 2223 2798; x_wconf 89' lang='grc' dir='ltr'><strong><em>μονονουχὶ</em></strong></span> <span class='ocrx_word' id='word_1_201' title='bbox 2268 2709 2677 2802; x_wconf 79' lang='grc' dir='ltr'><strong><em>φοβεροὺς35</em></strong></span> 
     </span>
     <span class='ocr_line' id='line_1_26' title="bbox 440 2811 2601 2907; baseline -0.003 -23"><span class='ocrx_word' id='word_1_202' title='bbox 440 2817 561 2907; x_wconf 90' lang='grc' dir='ltr'><strong><em>τὴν</em></strong></span> <span class='ocrx_word' id='word_1_203' title='bbox 606 2818 994 2904; x_wconf 83' lang='grc' dir='ltr'><strong><em>πρόσοψιν,·</em></strong></span> <span class='ocrx_word' id='word_1_204' title='bbox 1050 2818 1153 2885; x_wconf 86' lang='grc' dir='ltr'><strong><em>ε’τι</em></strong></span> <span class='ocrx_word' id='word_1_205' title='bbox 1209 2821 1321 2885; x_wconf 90' lang='grc' dir='ltr'><strong><em>καὶ</em></strong></span> <span class='ocrx_word' id='word_1_206' title='bbox 1368 2813 1403 2884; x_wconf 88' lang='lat'><em>5</em></span> <span class='ocrx_word' id='word_1_207' title='bbox 1456 2817 1685 2905; x_wconf 79' lang='grc' dir='ltr'><strong><em>ἰατρὸς</em></strong></span> <span class='ocrx_word' id='word_1_208' title='bbox 1720 2811 2104 2903; x_wconf 78' lang='grc' dir='ltr'><strong><em>Ἀντίγονος</em></strong></span> <span class='ocrx_word' id='word_1_209' title='bbox 2163 2819 2385 2903; x_wconf 83' lang='grc' dir='ltr'><strong><em>παρῆν</em></strong></span> <span class='ocrx_word' id='word_1_210' title='bbox 2429 2839 2601 2880; x_wconf 91' lang='grc' dir='ltr'><strong><em>κατα</em></strong></span> 
     </span>
     <span class='ocr_line' id='line_1_27' title="bbox 434 2911 2601 3039; baseline -0.002 -53"><span class='ocrx_word' id='word_1_211' title='bbox 434 2926 683 3005; x_wconf 91' lang='grc' dir='ltr'><strong><em>χρείαν,</em></strong></span> <span class='ocrx_word' id='word_1_212' title='bbox 732 2916 940 3003; x_wconf 83' lang='grc' dir='ltr'><strong><em>οἶμαι,</em></strong></span> <span class='ocrx_word' id='word_1_213' title='bbox 985 2924 1103 3009; x_wconf 83' lang='grc' dir='ltr'><strong><em>τῆς</em></strong></span> <span class='ocrx_word' id='word_1_214' title='bbox 1147 2921 1348 2988; x_wconf 93' lang='grc' dir='ltr'><strong><em>νόσου</em></strong></span> <span class='ocrx_word' id='word_1_215' title='bbox 1391 2914 1810 3006; x_wconf 86' lang='grc' dir='ltr'><strong><em>επικληθείς,</em></strong></span> <span class='ocrx_word' id='word_1_216' title='bbox 1854 2924 1967 2987; x_wconf 89' lang='grc' dir='ltr'><strong><em>καὶ</em></strong></span> <span class='ocrx_word' id='word_1_217' title='bbox 2013 2921 2174 3008; x_wconf 77' lang='grc' dir='ltr'><strong><em>ῥᾷον</em></strong></span> <span class='ocrx_word' id='word_1_218' title='bbox 2224 2916 2432 2986; x_wconf 83' lang='grc' dir='ltr'><strong><em>’δόκει</em></strong></span> <span class='ocrx_word' id='word_1_219' title='bbox 2475 2911 2601 3039; x_wconf 77' lang='grc' dir='ltr'><strong><em>ἤδη</em></strong></span> 
     </span>
     <span class='ocr_line' id='line_1_28' title="bbox 440 3005 2597 3146; baseline -0.001 -58.999"><span class='ocrx_word' id='word_1_220' title='bbox 440 3021 609 3103; x_wconf 87' lang='grc' dir='ltr'><strong><em>ε’χειν</em></strong></span> <span class='ocrx_word' id='word_1_221' title='bbox 656 3018 690 3088; x_wconf 93' lang='lat'><em>5</em></span> <span class='ocrx_word' id='word_1_222' title='bbox 737 3016 1088 3146; x_wconf 77' lang='grc' dir='ltr'><strong><em>Εὐκράτης</em></strong></span> <span class='ocrx_word' id='word_1_223' title='bbox 1130 3025 1243 3089; x_wconf 90' lang='grc' dir='ltr'><strong><em>καὶ</em></strong></span> <span class='ocrx_word' id='word_1_224' title='bbox 1294 3020 1368 3088; x_wconf 83' lang='grc' dir='ltr'><strong><em>τὸ</em></strong></span> <span class='ocrx_word' id='word_1_225' title='bbox 1419 3021 1678 3119; x_wconf 91' lang='grc' dir='ltr'><strong><em>νόσημα</em></strong></span> <span class='ocrx_word' id='word_1_226' title='bbox 1728 3046 1862 3088; x_wconf 92' lang='grc' dir='ltr'><strong><em>των</em></strong></span> <span class='ocrx_word' id='word_1_227' title='bbox 1921 3023 2311 3111; x_wconf 89' lang='grc' dir='ltr'><strong><em>συντρόφων</em></strong></span> <span class='ocrx_word' id='word_1_228' title='bbox 2363 3005 2469 3108; x_wconf 90' lang='grc' dir='ltr'><strong><em>ην·</em></strong></span> <span class='ocrx_word' id='word_1_229' title='bbox 2521 3018 2597 3085; x_wconf 85' lang='grc' dir='ltr'><strong><em>τὸ</em></strong></span> 
     </span>
     <span class='ocr_line' id='line_1_29' title="bbox 433 3109 2600 3211; baseline -0.001 -22"><span class='ocrx_word' id='word_1_230' title='bbox 433 3123 649 3210; x_wconf 78' lang='grc' dir='ltr'><strong><em>’ῥεῦμα</em></strong></span> <span class='ocrx_word' id='word_1_231' title='bbox 677 3147 803 3208; x_wconf 89' lang='grc' dir='ltr'><strong><em>γαρ</em></strong></span> <span class='ocrx_word' id='word_1_232' title='bbox 837 3148 905 3200; x_wconf 92' lang='grc' dir='ltr'><strong><em>ες</em></strong></span> <span class='ocrx_word' id='word_1_233' title='bbox 933 3121 1088 3200; x_wconf 77' lang='grc' dir='ltr'><strong><em>τοὺς</em></strong></span> <span class='ocrx_word' id='word_1_234' title='bbox 1116 3123 1339 3200; x_wconf 91' lang='grc' dir='ltr'><strong><em>πόδας</em></strong></span> <span class='ocrx_word' id='word_1_235' title='bbox 1372 3109 1576 3201; x_wconf 74' lang='grc' dir='ltr'><strong><em>αὖθις</em></strong></span> <span class='ocrx_word' id='word_1_236' title='bbox 1601 3149 1777 3209; x_wconf 89' lang='grc' dir='ltr'><strong><em>αυτῳ</em></strong></span> <span class='ocrx_word' id='word_1_237' title='bbox 1810 3123 2271 3211; x_wconf 77' lang='grc' dir='ltr'><strong><em>κατεληλύθει.</em></strong></span> <span class='ocrx_word' id='word_1_238' title='bbox 2327 3122 2600 3203; x_wconf 85' lang='grc' dir='ltr'><strong><em>καθέζε-</em></strong></span> 
     </span>
     <span class='ocr_line' id='line_1_30' title="bbox 441 3218 2602 3315; baseline -0 -25"><span class='ocrx_word' id='word_1_239' title='bbox 441 3229 615 3292; x_wconf 90' lang='grc' dir='ltr'><strong><em>σθαι</em></strong></span> <span class='ocrx_word' id='word_1_240' title='bbox 661 3221 774 3291; x_wconf 84' lang='grc' dir='ltr'><strong><em>οὖν</em></strong></span> <span class='ocrx_word' id='word_1_241' title='bbox 818 3250 904 3309; x_wconf 91' lang='grc' dir='ltr'><strong><em>με</em></strong></span> <span class='ocrx_word' id='word_1_242' title='bbox 948 3218 1112 3312; x_wconf 73' lang='grc' dir='ltr'><strong><em>παρ’</em></strong></span> <span class='ocrx_word' id='word_1_243' title='bbox 1168 3219 1366 3291; x_wconf 72' lang='grc' dir='ltr'><strong><em>αὐτὸν</em></strong></span> <span class='ocrx_word' id='word_1_244' title='bbox 1413 3218 1530 3291; x_wconf 89' lang='grc' dir='ltr'><strong><em>επὶ</em></strong></span> <span class='ocrx_word' id='word_1_245' title='bbox 1567 3229 1685 3311; x_wconf 86' lang='grc' dir='ltr'><strong><em>τῆς</em></strong></span> <span class='ocrx_word' id='word_1_246' title='bbox 1726 3228 1951 3315; x_wconf 90' lang='grc' dir='ltr'><strong><em>κλίνης</em></strong></span> <span class='ocrx_word' id='word_1_247' title='bbox 1996 3224 2030 3293; x_wconf 92' lang='lat'><em>5</em></span> <span class='ocrx_word' id='word_1_248' title='bbox 2065 3220 2405 3313; x_wconf 72' lang='grc' dir='ltr'><strong><em>Εὐκράτης</em></strong></span> <span class='ocrx_word' id='word_1_249' title='bbox 2449 3221 2602 3290; x_wconf 84' lang='grc' dir='ltr'><strong><em>επέ-</em></strong></span> 
     </span>
     <span class='ocr_line' id='line_1_31' title="bbox 443 3322 2600 3417; baseline 0 -24"><span class='ocrx_word' id='word_1_250' title='bbox 443 3350 668 3394; x_wconf 89' lang='grc' dir='ltr'><strong><em>νευσεν</em></strong></span> <span class='ocrx_word' id='word_1_251' title='bbox 713 3323 927 3415; x_wconf 85' lang='grc' dir='ltr'><strong><em>ἠρέμα</em></strong></span> <span class='ocrx_word' id='word_1_252' title='bbox 974 3323 1270 3413; x_wconf 90' lang='grc' dir='ltr'><strong><em>εγκλίνας</em></strong></span> <span class='ocrx_word' id='word_1_253' title='bbox 1314 3326 1432 3415; x_wconf 87' lang='grc' dir='ltr'><strong><em>τὴν</em></strong></span> <span class='ocrx_word' id='word_1_254' title='bbox 1480 3327 1708 3417; x_wconf 87' lang='grc' dir='ltr'><strong><em>φωνὴν</em></strong></span> <span class='ocrx_word' id='word_1_255' title='bbox 1740 3353 1807 3406; x_wconf 93' lang='grc' dir='ltr'><strong><em>ες</em></strong></span> <span class='ocrx_word' id='word_1_256' title='bbox 1849 3327 1920 3395; x_wconf 77' lang='grc' dir='ltr'><em>τί</em></span> <span class='ocrx_word' id='word_1_257' title='bbox 1964 3322 2342 3410; x_wconf 74' lang='grc' dir='ltr'><strong><em>ἀσθενικόν,</em></strong></span> <span class='ocrx_word' id='word_1_258' title='bbox 2389 3324 2600 3395; x_wconf 79' lang='grc' dir='ltr'><strong><em>ὁπότε</em></strong></span> 
     </span>
     <span class='ocr_line' id='line_1_32' title="bbox 446 3422 2595 3515; baseline 0 -20"><span class='ocrx_word' id='word_1_259' title='bbox 446 3425 583 3496; x_wconf 86' lang='grc' dir='ltr'><strong><em>εἶδέ</em></strong></span> <span class='ocrx_word' id='word_1_260' title='bbox 610 3455 712 3515; x_wconf 90' lang='grc' dir='ltr'><strong><em>με,</em></strong></span> <span class='ocrx_word' id='word_1_261' title='bbox 759 3436 983 3497; x_wconf 90' lang='grc' dir='ltr'><strong><em>καίτοι</em></strong></span> <span class='ocrx_word' id='word_1_262' title='bbox 1010 3433 1303 3515; x_wconf 83' lang='grc' dir='ltr'><strong><em>βοῶντος</em></strong></span> <span class='ocrx_word' id='word_1_263' title='bbox 1334 3422 1542 3496; x_wconf 69' lang='grc' dir='ltr'><strong><em>αὐτοῦ</em></strong></span> <span class='ocrx_word' id='word_1_264' title='bbox 1585 3434 1697 3498; x_wconf 88' lang='grc' dir='ltr'><strong><em>καὶ</em></strong></span> <span class='ocrx_word' id='word_1_265' title='bbox 1730 3430 2226 3515; x_wconf 86' lang='grc' dir='ltr'><strong><em>διατεινομένου</em></strong></span> <span class='ocrx_word' id='word_1_266' title='bbox 2257 3458 2325 3498; x_wconf 91' lang='grc' dir='ltr'><strong><em>τι</em></strong></span> <span class='ocrx_word' id='word_1_267' title='bbox 2352 3428 2595 3515; x_wconf 76' lang='grc' dir='ltr'><strong><em>μεταξὺ</em></strong></span> 
     </span>
     <span class='ocr_line' id='line_1_33' title="bbox 443 3526 2598 3621; baseline 0.001 -24"><span class='ocrx_word' id='word_1_268' title='bbox 443 3531 671 3599; x_wconf 78' lang='grc' dir='ltr'><strong><em>εἰσιών</em></strong></span> <span class='ocrx_word' id='word_1_269' title='bbox 700 3526 1045 3620; x_wconf 65' lang='grc' dir='ltr'><strong><em>ἐπήκουον.</em></strong></span> <span class='ocrx_word' id='word_1_270' title='bbox 1118 3526 1297 3620; x_wconf 79' lang='grc' dir='ltr'><strong><em>κᾶγώ</em></strong></span> <span class='ocrx_word' id='word_1_271' title='bbox 1327 3532 1512 3617; x_wconf 83' lang='grc' dir='ltr'><strong><em>μάλα</em></strong></span> <span class='ocrx_word' id='word_1_272' title='bbox 1543 3535 2090 3621; x_wconf 87' lang='grc' dir='ltr'><strong><em>πεφυλαγμένως,</em></strong></span> <span class='ocrx_word' id='word_1_273' title='bbox 2129 3533 2218 3618; x_wconf 78' lang='grc' dir='ltr'><strong><em>μὴ</em></strong></span> <span class='ocrx_word' id='word_1_274' title='bbox 2257 3533 2598 3618; x_wconf 73' lang='grc' dir='ltr'><strong><em>ψαύσαιμι</em></strong></span> 
     </span>
     <span class='ocr_line' id='line_1_34' title="bbox 440 3630 2596 3725; baseline 0 -26"><span class='ocrx_word' id='word_1_275' title='bbox 440 3637 573 3700; x_wconf 80' lang='grc' dir='ltr'><strong><em>τῶν</em></strong></span> <span class='ocrx_word' id='word_1_276' title='bbox 617 3635 848 3702; x_wconf 74' lang='grc' dir='ltr'><strong><em>ποδῶν</em></strong></span> <span class='ocrx_word' id='word_1_277' title='bbox 896 3630 1115 3717; x_wconf 75' lang='grc' dir='ltr'><strong><em>αὐτοῦ,</em></strong></span> <span class='ocrx_word' id='word_1_278' title='bbox 1166 3630 1756 3724; x_wconf 77' lang='grc' dir='ltr'><strong><em>ἀπολογησάμενος</em></strong></span> <span class='ocrx_word' id='word_1_279' title='bbox 1798 3635 1882 3700; x_wconf 82' lang='grc' dir='ltr'><strong><em>τὰ</em></strong></span> <span class='ocrx_word' id='word_1_280' title='bbox 1928 3636 2187 3725; x_wconf 78' lang='grc' dir='ltr'><strong><em>συνήθη</em></strong></span> <span class='ocrx_word' id='word_1_281' title='bbox 2233 3640 2463 3716; x_wconf 81' lang='grc' dir='ltr'><strong><em>ταῦτα,</em></strong></span> <span class='ocrx_word' id='word_1_282' title='bbox 2513 3630 2596 3711; x_wconf 81' lang='grc' dir='ltr'><strong><em>ὥς</em></strong></span> 
     </span>
     <span class='ocr_line' id='line_1_35' title="bbox 446 3734 2595 3824; baseline 0 -23"><span class='ocrx_word' id='word_1_283' title='bbox 446 3734 846 3823; x_wconf 82' lang='grc' dir='ltr'><strong><em>ἀγνοήσαιμι</em></strong></span> <span class='ocrx_word' id='word_1_284' title='bbox 890 3743 1215 3807; x_wconf 84' lang='grc' dir='ltr'><strong><em>νοσοῦντα</em></strong></span> <span class='ocrx_word' id='word_1_285' title='bbox 1258 3739 1371 3804; x_wconf 89' lang='grc' dir='ltr'><strong><em>καὶ</em></strong></span> <span class='ocrx_word' id='word_1_286' title='bbox 1418 3734 1539 3820; x_wconf 76' lang='grc' dir='ltr'><strong><em>ὥς,</em></strong></span> <span class='ocrx_word' id='word_1_287' title='bbox 1599 3737 1749 3805; x_wconf 74' lang='grc' dir='ltr'><strong><em>ἐπεὶ</em></strong></span> <span class='ocrx_word' id='word_1_288' title='bbox 1793 3737 2082 3822; x_wconf 75' lang='grc' dir='ltr'><strong><em>ἔμαθον,</em></strong></span> <span class='ocrx_word' id='word_1_289' title='bbox 2130 3738 2449 3824; x_wconf 90' lang='grc' dir='ltr'><strong><em>δρομαῖος</em></strong></span> <span class='ocrx_word' id='word_1_290' title='bbox 2496 3737 2595 3803; x_wconf 73' lang='grc' dir='ltr'><strong><em>ἕλ-</em></strong></span> 
     </span>
    </p>

    <p class='ocr_par' dir='ltr' id='par_1_5' title="bbox 374 3832 2594 4031">
     <span class='ocr_line' id='line_1_36' title="bbox 374 3832 2593 3930; baseline 0.001 -27"><span class='ocrx_word' id='word_1_291' title='bbox 374 3857 405 3910; x_wconf 79' lang='lat'><strong><em>‘1</em></strong></span> <span class='ocrx_word' id='word_1_292' title='bbox 435 3843 665 3922; x_wconf 75' lang='grc' dir='ltr'><strong><em>’θοιμι,</em></strong></span> <span class='ocrx_word' id='word_1_293' title='bbox 716 3832 1122 3928; x_wconf 66' lang='grc' dir='ltr'><strong><em>’καθεζόμην</em></strong></span> <span class='ocrx_word' id='word_1_294' title='bbox 1167 3845 1477 3927; x_wconf 89' lang='grc' dir='ltr'><strong><em>πλησίον.</em></strong></span> <span class='ocrx_word' id='word_1_295' title='bbox 1567 3847 1624 3907; x_wconf 89' lang='grc'><strong><em>7.</em></strong></span> <span class='ocrx_word' id='word_1_296' title='bbox 1673 3841 1740 3907; x_wconf 78' lang='grc' dir='ltr'><strong><em>οἱ</em></strong></span> <span class='ocrx_word' id='word_1_297' title='bbox 1786 3840 1906 3922; x_wconf 82' lang='grc' dir='ltr'><strong><em>μὲν</em></strong></span> <span class='ocrx_word' id='word_1_298' title='bbox 1954 3840 2032 3927; x_wconf 86' lang='grc' dir='ltr'><strong><em>δὴ</em></strong></span> <span class='ocrx_word' id='word_1_299' title='bbox 2081 3833 2428 3927; x_wconf 70' lang='grc' dir='ltr'><strong><em>ἒτύγχανον</em></strong></span> <span class='ocrx_word' id='word_1_300' title='bbox 2472 3836 2593 3930; x_wconf 74' lang='grc' dir='ltr'><strong><em>ἤδη</em></strong></span> 
     </span>
     <span class='ocr_line' id='line_1_37' title="bbox 445 3937 2594 4031; baseline 0.001 -25"><span class='ocrx_word' id='word_1_301' title='bbox 445 3943 604 4026; x_wconf 85' lang='grc' dir='ltr'><strong><em>περὶ</em></strong></span> <span class='ocrx_word' id='word_1_302' title='bbox 649 3943 768 4005; x_wconf 81' lang='grc' dir='ltr'><strong><em>τοῦ</em></strong></span> <span class='ocrx_word' id='word_1_303' title='bbox 814 3938 1187 4026; x_wconf 90' lang='grc' dir='ltr'><strong><em>νοσήματος</em></strong></span> <span class='ocrx_word' id='word_1_304' title='bbox 1230 3941 1314 4008; x_wconf 81' lang='grc' dir='ltr'><strong><em>τὰ</em></strong></span> <span class='ocrx_word' id='word_1_305' title='bbox 1357 3943 1479 4026; x_wconf 86' lang='grc' dir='ltr'><strong><em>μὲν</em></strong></span> <span class='ocrx_word' id='word_1_306' title='bbox 1522 3937 1646 4031; x_wconf 82' lang='grc' dir='ltr'><strong><em>ἤδη</em></strong></span> <span class='ocrx_word' id='word_1_307' title='bbox 1692 3942 2190 4031; x_wconf 88' lang='grc' dir='ltr'><strong><em>προειρηκότες,</em></strong></span> <span class='ocrx_word' id='word_1_308' title='bbox 2239 3942 2328 4008; x_wconf 80' lang='grc' dir='ltr'><strong><em>τὰ</em></strong></span> <span class='ocrx_word' id='word_1_309' title='bbox 2375 3943 2445 4010; x_wconf 81' lang='grc' dir='ltr'><strong><em>δὲ</em></strong></span> <span class='ocrx_word' id='word_1_310' title='bbox 2491 3944 2594 4008; x_wconf 87' lang='grc' dir='ltr'><strong><em>καὶ</em></strong></span> 
     </span>
    </p>
   </div>
   <div class='ocr_carea' id='block_1_3' title="bbox 2837 2098 2846 3181">
    <p class='ocr_par' dir='ltr' id='par_1_6' title="bbox 2837 2098 2846 3181">
     <span class='ocr_line' id='line_1_38' title="bbox 2837 2098 2846 3181; baseline 0 0"><span class='ocrx_word' id='word_1_311' title='bbox 2837 2098 2846 3181; x_wconf 95' lang='lat' dir='ltr'><strong><em> </em></strong></span> 
     </span>
    </p>
   </div>
  </div>
 </body>
</html>
