2867 4525
441 243 564 301 128
1324 238 1698 293 ΔΟΥΚΙΑΝΟΥ

436 414 549 479 καὶ
595 411 694 479 ἔτι
739 409 937 492 ἐστίν,
985 407 1196 495 οἶμαι,
1243 406 1319 487 ὃς
1360 406 1477 476 τὸν
1504 400 1913 493 Ἐπικτήτου
1963 405 2191 489 λύχνον
2236 411 2359 473 τοῦ
2388 413 2606 473 Στωϊ-

438 516 556 581 κοῦ
599 516 959 599 κεραμεοῦν
1003 506 1166 579 ὄντα
1209 511 1598 597 τρισχιλίων
1644 509 1951 594 δραχμῶν
1995 501 2316 596 ἐπρίατο,
2364 504 2607 596 ἤλπιζε

438 617 564 704 γὰρ
610 612 802 700 οἶμαι
843 613 1173 696 κάκεῖνος,
1228 612 1290 680 εἰ
1333 615 1467 679 τῶν
1513 615 1761 679 νυκτῶν
1804 604 1927 677 ὕπ’
1980 608 2208 698 ἐκείνῳ
2250 615 2350 698 τῷ
2395 610 2609 697 λύχνῳ

443 715 900 803 ἀναγινώσκοι,
951 713 1186 783 αὐτίκα
1213 715 1397 800 μάλα
1433 716 1545 781 καὶ
1577 713 1696 804 τὴν
1719 707 2111 803 Ἐπικτήτου
2144 717 2398 801 σοφίαν
2442 707 2610 798 ὄναρ

443 817 938 908 ἐπικτήσεσθαι
991 821 1103 884 καὶ
1161 811 1398 902 ὅμοιος
1456 816 1742 884 ἔσεσθαι
1793 818 1890 902 τῷ
1940 816 2323 901 θαυμαστῷ
2381 812 2610 899 ἐκείνῳ

339 936 412 990 14
443 925 723 1008 γέροντι.
811 928 909 987 14.
950 920 1118 1002 χθὲς
1163 919 1235 987 δὲ
1279 922 1390 987 καὶ
1435 918 1672 1007 πρῴην
1716 913 1921 995 ἄλλος
1964 940 2067 993 τις
2109 913 2229 999 τὴν
2272 919 2610 999 Πρωτέως

441 1025 563 1089 τοῦ
590 1025 880 1089 Κυνικοῦ
920 1026 1306 1110 βακτηρίαν,
1351 1020 1431 1109 ἣν
1469 1025 1930 1104 καταθέμενος
1958 1012 2169 1105 ἥλατο
2212 1016 2281 1095 ἐς
2324 1016 2403 1084 τὸ
2450 1021 2611 1100 πῦρ,

443 1116 772 1190 ταλάντου
802 1116 1102 1201 κάκεῖνος
1132 1120 1439 1207 ἐπρίατο,
1475 1125 1590 1190 καὶ
1619 1123 1753 1206 ἔχει
1780 1122 1903 1206 μὲν
1932 1119 2007 1188 τὸ
2041 1120 2383 1209 κειμήλιον
2411 1122 2612 1186 τοῦτο

445 1228 558 1292 καὶ
584 1226 911 1292 δείκνυσιν
935 1220 1026 1303 ὥς
1055 1228 1381 1312 Τεγεᾶται
1401 1228 1521 1292 τοῦ
1543 1224 1980 1292 Καλυδωνίου
2000 1219 2119 1299 ὗὸς
2146 1221 2223 1289 τὸ
2259 1222 2472 1308 δέρμα
2499 1223 2610 1288 καὶ

450 1333 741 1417 Θηβαῖοι
783 1325 869 1394 τὰ
914 1324 1085 1392 ὄστᾶ
1127 1328 1248 1393 τοῦ
1293 1326 1634 1414 Γηρυόνου
1677 1329 1791 1395 καὶ
1819 1332 2189 1415 Μεμφῖται
2228 1318 2608 1413 τῆςἼσιδος
2629 1337 2718 1387 112
2845 1317 2846 1320 '

443 1427 601 1508 τοὺς
657 1427 1069 1513 πλοκάμους·
1139 1423 1340 1506 ἄλλος
1394 1428 1466 1495 δὲ
1532 1425 1568 1496 ὅ
1635 1432 1756 1496 τοῦ
1819 1430 2224 1514 θαυμαστοῦ
2279 1424 2611 1515 κτήματος

450 1531 782 1618 δεσπότης
827 1528 985 1617 [καὶ]
1032 1525 1236 1596 αὐτὸν
1268 1531 1343 1597 σὲ
1374 1534 1459 1615 τῇ
1490 1524 1902 1619 ἀπαιδευσίᾳ
1928 1533 2042 1597 καὶ
2082 1530 2403 1617 βδελυρίᾳ
2444 1525 2611 1595 ὗπε-

452 1633 853 1722 ρηκόντισεν.
920 1627 1108 1721 (ὖρᾷς
1137 1625 1328 1710 ὅπως
1355 1632 1858 1716 κακοδαιμόνως
1889 1632 2219 1700 διάκειται
2247 1636 2613 1720 βακτηρίας

345 1754 417 1809 15
455 1735 521 1813 ἐς
550 1735 668 1825 τὴν
699 1732 994 1823 κεφαλὴν
1023 1730 1118 1811 ὥς
1165 1728 1444 1823 άληθῶς
1481 1734 1842 1819 δεόμενοςῑ)
1890 1740 1990 1801 15.
2024 1736 2285 1821 λέγεται
2325 1731 2452 1820 γὰρ
2499 1734 2614 1800 καὶ

447 1836 812 1905 Διονύσιον
866 1836 1246 1923 τραγῳδίαν
1302 1850 1530 1905 ποιεῖν
1588 1836 1862 1924 φαύλως
1918 1835 2097 1904 πάνυ
2150 1837 2262 1903 καὶ
2316 1836 2612 1922 γελοίως,

450 1937 622 2005 ὥστε
664 1935 782 2005 τὸν
833 1936 1194 2016 Φιλόξενον
1240 1939 1568 2018 πολλάκις
1613 1931 1704 2006 δι’
1765 1932 1967 2027 αὐτὴν
2013 1933 2079 2017 ἒς
2120 1938 2243 2016 τὰς
2289 1940 2616 2022 λατομίας

451 2046 765 2125 ἐμπεσεῖν
811 2035 887 2105 ού
920 2039 1284 2124 δυνάμενον
1311 2045 1609 2123 κατέχειν
1639 2038 1756 2107 τὸν
1799 2041 2077 2127 γέλωτα.
2152 2033 2347 2118 οὗτος
2388 2045 2614 2107 τοίνυν

452 2136 841 2226 πυθόμενος
884 2138 977 2219 ὥς
1007 2140 1368 2228 ἐγγελᾶται,
1411 2140 1489 2209 τὸ
1524 2141 1869 2225 Αἰσχύλου
1913 2141 2175 2221 πυξίον,
2221 2141 2319 2220 εἰς
2361 2138 2400 2210 ὃ
2447 2140 2614 2208 ἐκεῖ·

449 2271 562 2324 νος
620 2244 900 2333 ἐ’γραφε,
969 2242 1088 2312 σὺν
1149 2245 1371 2333 πολλῇ
1412 2245 1706 2334 ’σπουδῇ
1768 2242 2178 2334 κτησάμενος
2232 2245 2344 2312 καὶ
2411 2240 2615 2321 αὐτὸς

452 2342 619 2434 ᾤετο
679 2346 917 2424 ἔνθεος
974 2345 1260 2414 ἔσεσθαι
1315 2350 1426 2414 καὶ
1482 2345 1761 2430 κάτοχος
1823 2345 1892 2413 ἐκ
1941 2350 2062 2414 τοῦ
2117 2346 2391 2434 πυξίου,
2459 2339 2609 2411 ἄλλ’

451 2448 635 2533 ὅμως
693 2446 761 2514 ἓν
820 2441 999 2536 αύτῷ
1058 2445 1286 2536 ἐκείνῳ
1349 2458 1582 2534 μακρῷ
1633 2448 2020 2535 γελοιότερα
2086 2447 2399 2537 ἔγραφεν,
2470 2446 2614 2515 οῖον

451 2563 714 2618 κακεῖνο
758 2548 870 2616 τό·

755 2653 1097 2737 Δωρίδιον
1140 2646 1295 2740 ἧκεν
1336 2648 1376 2741 ἡ
1422 2658 1789 2721 Διονυσίου
1835 2651 2015 2741 γυνή.

451 2756 562 2821 καὶ
610 2753 848 2823 πάλιν·

763 2857 967 2941 οἴμοι,
1011 2869 1287 2941 γυναῖκα
1325 2842 1667 2945 χρησίμην
1704 2850 2048 2923 ἀπώλεσα.

450 2959 561 3025 καὶ
605 2961 803 3024 τοῦτο
847 2956 974 3043 γὰρ
1020 2950 1089 3023 ἔκ
1133 2960 1252 3024 τοῦ
1297 2957 1558 3038 πυξίου,
1601 2960 1712 3026 καὶ
1757 2959 1874 3027 τό·
2634 2971 2718 3021 113

762 3055 990 3136 αὑτοῖς
1030 3058 1157 3144 γὰρ
1203 3052 1646 3142 ἒμπαίζουσιν
1696 3061 1762 3128 οἱ
1804 3064 2024 3148 μωροὶ
2063 3063 2342 3148 βροτῶν.

451 3163 652 3227 τοῦτο
707 3164 829 3243 μέν
882 3183 956 3245 γε
1011 3161 1187 3244 πρὸς
1244 3160 1319 3226 σὲ
1370 3159 1554 3243 μάλα
1612 3156 1938 3245 εὗστόχως
1994 3154 2074 3231 ἂν
2119 3163 2464 3251 εἰρημένον
2511 3162 2615 3251 εἴη

453 3265 552 3349 τῷ
592 3267 969 3348 Διονυσίῳ,
1027 3263 1141 3329 καὶ
1193 3259 1282 3328 δι’
1347 3256 1507 3329 αὐτὸ
1550 3268 1894 3350 χρυσῶσαι
1952 3263 2154 3332 αὐτοῦ
2210 3264 2350 3332 ἔδει
2405 3264 2618 3333 ἐκεῖνο

349 3386 418 3441 1ss
455 3363 531 3431 τὸ
579 3363 840 3442 πυξίον.
919 3369 1017 3432 16.
1062 3369 1215 3431 τίνα
1243 3363 1369 3450 γὰρ
1401 3360 1649 3434 ἐλπίδα
1680 3370 1794 3434 καὶ
1841 3361 2042 3446 αὐτὸς
2073 3367 2236 3451 ἔχων
2268 3365 2337 3446 ἐς
2377 3365 2464 3433 τὰ
2506 3372 2619 3452 βι-

449 3469 613 3553 βλία
655 3470 765 3536 καὶ
813 3461 1267 3544 ἀνατυλίττεις
1313 3458 1422 3534 ἀεὶ
1464 3469 1578 3534 καὶ
1624 3468 1982 3557 διακολλᾷς
2023 3471 2134 3535 καὶ
2180 3468 2621 3556 περικόπτεις

449 3573 562 3637 καὶ
610 3566 912 3659 ἀλείφεις
953 3571 1054 3655 τῷ
1095 3567 1309 3656 κρόκῳ
1351 3572 1466 3637 καὶ
1508 3573 1594 3658 τῇ
1635 3571 1851 3659 κέδρῳ
1879 3573 1992 3637 καὶ
2038 3571 2377 3659 διφθέρας
2420 3595 2620 3657 περι-

450 3670 722 3754 βάλλεις
765 3673 878 3738 καὶ
920 3663 1272 3759 ὀμφαλοὺς
1317 3669 1623 3760 ἐντίθης,
1669 3669 1762 3752 ὥς
1807 3671 1886 3760 δὴ
1930 3678 1999 3739 τί
2042 3665 2452 3739 ἀπολαύσων
2498 3666 2620 3739 αὗ-

453 3773 622 3854 τῶνς
685 3771 864 3839 πάνυ
914 3776 1071 3857 γοῦν
1123 3768 1251 3862 ἤδη
1317 3776 1600 3858 βελτίων
1661 3774 2010 3863 γεγένησαι
2068 3773 2182 3841 διὰ
2237 3771 2359 3864 τὴν
2422 3766 2620 3862 ὠνήν,

456 3870 530 3950 ὃς
581 3875 860 3939 τοιαῦτα
910 3875 1031 3956 μὲν
1087 3879 1352 3964 φθέγγῃ
1411 3925 1426 3939 .
1483 3927 1499 3943 .
1556 3878 1812 3961 μᾶλλον
1870 3877 1942 3943 δὲ
1999 3879 2114 3944 καὶ
2168 3880 2305 3942 τῶν
2362 3875 2623 3959 ἰχθύων

22 4046 181 4077 m
402 4042 431 4053 ,-
457 3968 884 4063 α’φωνότερος
929 3971 1007 4042 εἶ.
1093 3982 1272 4061 βιοῖς
1318 3977 1390 4044 δὲ
1433 3974 1527 4056 ὥς
1571 3971 1717 4047 οὐδ’
1771 3978 1987 4047 εἰπεῖν
2030 3978 2254 4060 καλόν,
2299 3990 2502 4062 μῖσος
2547 3979 2622 4046 δὲ
