2867 4525
454 287 578 347 246

452 1114 500 1154 te.
532 1098 628 1158 Ξῖ),

448 1710 624 1766 affl.

1186 285 1471 341 comeum
1506 284 1779 339 LEc‘rloN
1788 285 1880 340 Es.

665 458 898 527 αὐτῶν
928 456 953 541 ΙΙ
985 457 1107 524 ἄπ’
1152 457 1369 524 αὐτοῦ
1398 454 1575 521 ΑΩΓ
1603 493 1691 505 -—
1720 475 1789 523 σε
1818 462 1929 523 sto.
1963 454 1988 541 ΙΙ
2018 482 2089 538 γε
2132 463 2243 523 εἰδ.
2277 453 2622 538 ΑΩΨΓΘ)

663 599 749 611 -
790 555 873 629 ἅν
916 587 1013 639 τις
1044 559 1069 644 ΙΙ
1099 567 1196 638 τίς
1240 559 1322 626 ἂν
1366 555 1447 623 Ψ
1488 594 1574 606 -
1612 566 1870 643 πρίαιτο
1903 559 1928 641 ΙΙ
1960 566 2196 643 πρίατο
2229 556 2282 621 Α
2312 595 2396 606 -
2425 563 2627 625 κτένα

662 662 738 749 Ι.
782 688 902 743 νας
947 659 1150 725 ΑΩΨ
1151 659 1203 724 Γ
1246 697 1328 708 -
1373 659 1712 745 παλλακὴν
1745 659 1818 746 ΙΙ.
1860 670 1960 728 λ.
2012 659 2082 724 Ω
2126 698 2212 709 -
2255 665 2382 743 ἔχει
2426 658 2623 744 ΙΙὲχοι

664 766 715 830 A
758 802 844 814 —
886 762 1126 832 απασιν
1159 764 1183 850 ΙΙ
1214 774 1413 831 πᾶσιν
1459 761 1840 848 ἀνθρώποις
1871 760 1950 826 Ψ
1992 799 2078 811 -
2120 760 2382 848 Σύρον
2426 788 2620 830 οντα

660 865 1466 954 Ιεὺρόντα-χρήσιμα
1497 863 1521 951 ss
1552 919 1567 934 .
1597 920 1612 934 .
1637 892 1790 946 μον
1814 866 1870 930 21
1899 902 1983 914 —
2011 863 2402 945 ἀπωλώλεις
2434 866 2459 948 ΙΙ
2493 912 2508 927 .
2535 885 2613 932 ο.

664 967 785 1034 ΩΓ
821 997 905 1018 ν-
959 968 1362 1054 προῦτίθεις
1389 967 1419 1054 ΙΙ
1452 1017 1466 1032 .
1511 1021 1525 1037 .
1575 978 1725 1053 θης

664 1094 897 1157 Ιε’κειτνο
929 1088 954 1174 ΙΙ
986 1093 1210 1177 ἐκείνῳ
1241 1085 1321 1153 Ψ
1350 1123 1431 1136 -
1474 1092 1911 1170 πεπεισμένον
1942 1088 1967 1170 ΙΙ
2000 1133 2017 1150 .
2064 1133 2081 1151 .
2123 1092 2368 1167 μένος
2409 1083 2619 1150 ow

660 1197 801 1255 Mat.
846 1228 927 1238 —
976 1189 1143 1258 ἀλλὰ
1188 1190 1392 1272 σοφὸς
1424 1189 1449 1273 ΙΙ
1481 1190 1583 1256 άλ.
1628 1197 1759 1256 καὶ
1804 1209 1862 1256 σ.
1893 1187 1975 1253 Ψ
2016 1228 2100 1239 -
2142 1188 2367 1273 ξυγγρ.
2398 1185 2425 1272 [Ι
2459 1206 2517 1255 σ.
2548 1185 2618 1250 Ω

664 1328 745 1340 -
788 1291 1058 1378 ὡςΙΙὼς
1104 1290 1258 1358 εἰΑ
1300 1329 1385 1340 —-
1427 1291 1762 1374 αὐτῶνθ.
1812 1340 1827 1357 .
1870 1301 1982 1374 τῆς
2025 1289 2081 1354 Α
2122 1297 2386 1357 -καὶ
2428 1289 2611 1374 μὴπ.

660 1390 767 1478 fl?
817 1421 884 1475 μ.
940 1420 1003 1462 π.
1052 1392 1358 1458 ΑΩΓ-
1411 1393 1508 1478 ἢν
1562 1388 2016 1478 μὴΙΙῆΑ-
2068 1385 2614 1476 ὥμοιώθηςΙΙό

660 1552 672 1566 .
722 1551 738 1566 .
784 1505 924 1578 θεὶς
966 1495 1037 1560 Ω
1080 1534 1166 1546 -
1215 1495 1411 1577 τοὺς
1468 1496 1903 1583 προπάτορας
1943 1497 1968 1579 ΙΙ
2012 1505 2134 1563 τοῦ
2190 1494 2616 1581 προπάτορος

659 1597 911 1663 ΑΩΨΓ
933 1604 1078 1663 Mat.

660 1698 711 1790 ᾧ
758 1701 1031 1768 σεαυτὸν
1075 1701 1098 1782 ΙΙ
1142 1700 1234 1780 ὡς
1292 1698 1566 1767 σεαυτὸν
1611 1697 1662 1760 Γ
1705 1734 1791 1746 —
1838 1698 1941 1777 ὡς
1984 1695 2403 1766 πιστεύειν
2494 1725 2614 1765 πι-

660 1801 1055 1870 στεύοντα
1099 1799 1181 1865 Ψ
1233 1839 1321 1848 -
1376 1809 1494 1881 ὁὶς
1553 1799 1660 1869 διὰ
1720 1809 1995 1867 πασῶν
2040 1800 2065 1886 ΙΙ
2111 1846 2126 1864 .
2171 1853 2187 1868 .
2250 1797 2612 1884 πάντων,

660 1928 772 1970 nm.
830 1911 925 1984 ὄὶς
968 1901 1224 1968 ΑΩΨΓ
1268 1940 1344 1953 -
1397 1907 1474 1984 ἐς
1528 1932 1581 1972 τ.
1630 1914 1706 1972 Π.
1754 1902 1778 1988 ΙΙ
1824 1911 1949 1983 εἰς.
1997 1900 2120 1965 ΩΓ
2166 1941 2252 1953 -
2297 1902 2394 1971 ἂν
2455 1907 2551 1988 εἴη
2596 1903 2615 1989 ΙΙ

656 2028 775 2070 nm.
822 2007 915 2074 ἂν
958 2004 1040 2070 Ψ
1080 2043 1168 2054 -
1208 2016 1509 2092 Λαρισση
1542 2005 1566 2092 ΙΙ
1597 2057 1612 2075 .
1665 2020 1724 2074 σ.
1768 2002 1949 2072 ΑΩΓ
1993 2042 2074 2055 —-
2119 2005 2314 2090 αὐτῷ
2343 2005 2368 2092 ss
2401 2007 2622 2074 αὐτοῦ

656 2107 833 2174 Am*
876 2146 961 2159 --
1002 2108 1393 2194 Κασάνδρου
1425 2108 1452 2194 ΙΙ
1483 2163 1497 2179 .
1549 2127 1640 2176 σσ
1682 2162 1697 2178 .
1740 2105 1810 2172 Ω
1854 2145 1940 2156 ——
1982 2117 2502 2193 Βατραχίωνι.
2549 2131 2606 2178 ο.

656 2210 737 2277 Ψ
780 2248 856 2260 -
903 2220 1012 2281 καὶ
1054 2210 1199 2296 γὰρ
1233 2213 1257 2296 ΙΙ
1289 2233 1414 2276 om.
1461 2211 1602 2297 γὰρ
1647 2209 1842 2276 ΩΓΦ
1883 2213 2056 2291 (eod.
2101 2214 2308 2292 Laut.)
2350 2247 2438 2258 —
2482 2222 2609 2281 Λα-

652 2330 842 2398 merop
875 2313 900 2399 ΙΙ
931 2368 945 2383 .
996 2333 1049 2382 σ.
1101 2312 1223 2377 ΑΩ
1268 2351 1354 2361 -
1397 2314 1618 2402 αὐτῷ
1661 2324 1801 2381 ταλ.
1835 2313 1860 2400 ΙΙ
1893 2314 2106 2381 αὐτοῦ
2147 2325 2290 2382 ταλ.
2334 2313 2458 2378 ΩΓ

480 2466 492 2478 .
568 2432 616 2482 ῑι.
660 2408 848 2498 ᾧτινι
880 2415 904 2501 ΙΙ
938 2409 1129 2483 ὥτινι
1159 2415 1227 2480 Φ
1266 2455 1353 2465 -
1396 2420 1781 2504 ἐρρωμένην
1812 2415 1838 2501 ΙΙ
1869 2470 1883 2484 .
1918 2443 1956 2501 ρ
1988 2470 2003 2486 .
2040 2414 2122 2480 Ψ
2147 2454 2233 2466 -—
2261 2415 2609 2502 ζωγράφος

436 3947 484 3987 τι,
516 3931 612 3987 Ἠ.

652 2586 672 2671 Ι
714 2589 844 2655 add.
902 2584 1109 2667 σοφὸς
1153 2583 1233 2649 Ψ
1282 2622 1357 2636 --
1405 2580 1666 2653 οὔκουν
1712 2584 1736 2669 ΙΙ
1782 2578 2042 2653 οὔκουν
2085 2586 2152 2651 Φ
2198 2626 2284 2637 -
2327 2524 2608 2656 scalt-volt

652 2691 668 2771 Η
710 2696 819 2756 καὶ
862 2686 1067 2752 ΑΩΨ
1122 2697 1231 2756 καὶ
1257 2688 1322 2774 ll]
1347 2717 1408 2757 τι
1465 2718 1526 2756 τι
1575 2687 1624 2751 Γ
1668 2695 1776 2755 καὶ
1833 2685 1936 2754 ὅτι
1978 2687 2046 2753 Φ
2105 2726 2191 2738 -
2245 2689 2326 2757 τὰ
2384 2699 2607 2771 βιβλία

656 2795 676 2875 ΙΙ
707 2790 786 2857 τὰ
829 2801 1172 2858 τοιαῦτα
1214 2799 1340 2871 βιβ.
1376 2788 1635 2855 ΑΩΨΓ
1661 2794 1806 2853 Mut.
1838 2824 1923 2837 --
1965 2801 2147 2876 ληρῶ
2173 2793 2200 2873 ΙΙ
2231 2795 2494 2876 ληρῶςῗ
2537 2791 2606 2855 Φ

652 2930 737 2939 -
778 2894 971 2979 παρ’
1016 2894 1271 2960 αὐτοῦ
1301 2893 1326 2979 ΙΙ
1359 2905 1788 2979 παραυτοῦ
1815 2895 1884 2959 Φ

612 3059 624 3071 -
656 3011 1044 3095 κατάπυγον
1074 3009 1098 3096 ΙΙ
1132 3058 1149 3073 .
1180 3037 1319 3093 γων
1349 3009 1502 3075 ΩΨ
1537 3012 1917 3095 καταπύγον
1946 3012 2014 3077 Φ
2044 3051 2132 3062 -——
2157 3022 2283 3092 μεθ
2301 3013 2317 3036 '
2358 3014 2602 3097 ἡμέραν

652 3111 672 3195 ΙΙ
701 3118 1070 3195 μεθημέραν
1113 3111 1181 3174 Φ
1225 3149 1311 3162 -
1353 3112 1705 3191 καθεύδεις
1747 3114 1771 3199 ΙΙ
1816 3168 1831 3185 .
1882 3122 2053 3195 doeg
2098 3113 2177 3179 W
2218 3152 2305 3163 —
2348 3114 2541 3183 οὕτω
2582 3115 2602 3200 ΙΙ

652 3259 668 3271 ,
724 3234 882 3287 τως
925 3208 993 3272 Φ
1049 3245 1137 3255 -—
1188 3210 1366 3293 μηδ’
1409 3210 1433 3295 ΙΙ
1475 3213 1570 3294 μὴ
1634 3212 1818 3282 α’ποό.
1868 3210 2073 3276 ΩΨΓ
2114 3217 2255 3281 Mat„
2317 3252 2405 3263 -
2461 3221 2596 3281 καὶ

652 3323 706 3379 λ.
739 3309 763 3396 ΙΙ
798 3332 926 3375 om.
970 3319 1102 3378 καὶ
1145 3310 1215 3375 Ω
1259 3349 1345 3360 -
1387 3312 1475 3397 ἢν
1530 3313 2011 3381 α’ποόύσωνται
2055 3314 2079 3401 ΙΙ
2121 3368 2136 3383 .
2200 3334 2476 3383 σαιντο
2521 3320 2595 3398 Δ,

648 3436 774 3479 om.
818 3414 913 3499 ἢν
957 3411 1107 3477 ΩΨ
1147 3450 1235 3461 -
1276 3414 1580 3499 νόμουςΙΙ
1620 3438 1735 3480 om.
1779 3415 1858 3481 W
1903 3455 1987 3465 —
2029 3421 2322 3498 κιναιόος
2353 3420 2377 3502 ΙΙ
2412 3465 2427 3481 .
2478 3419 2539 3482 θ·
2582 3465 2596 3480 .

648 3519 714 3579 Φ
759 3556 845 3568 —
886 3519 1259 3585 λεαίνεσθαι
1303 3516 1327 3603 ΙΙ
1369 3520 1719 3601 μαίνεσθαι
1764 3517 1971 3583 ΑΩΨ
2011 3556 2099 3567 -—·
2148 3528 2280 3587 καὶ
2324 3538 2539 3588 ποιεῖν
2579 3521 2598 3605 ss

648 3641 769 3688 um.
818 3627 928 3686 καὶ
957 3616 1037 3682 Ψ
1081 3657 1165 3667 -
1210 3623 1272 3686 εἴ
1304 3646 1373 3702 γε
1415 3619 1516 3704 μὴ
1549 3619 1573 3706 ΙΙ
1604 3642 1730 3686 om.
1759 3621 1857 3706 μὴ
1888 3619 2161 3685 ΑΩΨΦ
2206 3658 2289 3670 -
2327 3621 2596 3707 χύτραις

648 3723 668 3803 ΙΙ
701 3723 838 3789 add.
884 3723 988 3788 ἴσα
1032 3718 1112 3786 Ψ
1152 3758 1241 3770 -
1281 3732 1554 3804 ψιμυθ.
1605 3722 1630 3807 ΙΙ
1678 3768 1695 3786 .
1738 3733 1878 3803 μιθ
1922 3722 1975 3787 Α
2019 3761 2100 3771 -
2147 3722 2397 3808 ἔκρυψε
2436 3724 2460 3811 {1
2495 3771 2512 3789 .
2556 3751 2593 3792 ν

648 3923 835 3992 ἕλον
866 3926 889 4006 ΙΙ
922 3925 1035 3992 ἅλ’
1063 3923 1144 3988 Ψ
1172 3961 1256 3973 --
1286 3926 1484 4011 παρὰ
1511 3955 1569 3993 τ.
1597 3936 1655 4007 β.
1694 3927 1718 4012 ΙΙ
1751 3936 1924 4013 περὶ
1952 3926 2033 3990 W
2063 3964 2139 3975 —
2177 3929 2344 4013 παρ’
2374 3922 2593 3997 αὐτοῦ

648 4023 805 4107 [lab.
847 4023 971 4087 ΓΦ
1016 4063 1101 4074 -
1142 4026 1369 4106 τοὺς
1410 4035 1541 4106 βιβ.
1587 4028 1610 4113 ss
1653 4051 1780 4093 om.
1825 4028 2050 4109 τοὺς
2095 4027 2286 4092 ΩΓΦ
2317 4034 2464 4096 Mut.
2510 4068 2591 4078 —
