2867 4525
168 483 260 533 118
283 469 468 538 πάνυ
513 474 751 559 σαφῶς
782 466 956 539 οἶδα.
1033 466 1265 538 οῦκουν
1294 469 1714 554 θαυμαστόν,
1762 469 1822 538 εἰ
1854 463 2203 549 ἀπίθανος
2241 464 2453 551 οὕτως

281 571 663 662 ζωγράφοις
739 560 834 639 (ἲν
912 575 1027 641 καὶ
1101 586 1246 651 τοῖς
1320 572 1893 656 πεπαιδευμένοις
1969 571 2454 657 ἐξομοιοῦσθαι

279 672 543 752 ἐθέλεις
587 674 929 742 πιστεύων
978 688 1124 753 τοῖς
1177 672 1259 743 τὰ
1303 673 1587 741 τοιαῦτά
1641 697 1718 740 σε
1764 673 2139 742 ἐπαινοῦσι.
2227 681 2451 743 καίτοι

275 782 346 844 τί
385 779 600 843 ταῦτα
630 777 850 865 ληρῶ,·
892 770 1233 864 πρόδηλος
1260 774 1387 862 γὰρ
1432 771 1472 863 ἥ
1510 774 1698 844 αἰτία
1734 779 1854 865 τῆς
1881 778 2043 859 περὶ
2085 774 2171 841 τὰ
2214 779 2449 861 βιβλία

275 879 614 967 σπουδῆς,
673 877 735 945 εἰ
790 879 904 946 καὶ
958 873 1094 945 ῦπὸ
1151 883 1451 955 νωθείας
1503 875 1629 964 ἐγὼ
1683 876 1774 966 μὴ
1835 877 2054 946 πάλαι
2109 880 2448 947 κατεῖδον·

276 978 494 1068 σοφὸν
537 979 693 1066 γάρ,
754 975 849 1058 ῶς
891 983 1050 1065 γοῦν
1097 980 1248 1062 οἴει,
1291 974 1479 1047 τοῦτ’
1534 978 1964 1067 ἐπινενόηκας
2006 982 2119 1047 καὶ
2162 980 2450 1059 ἐλπίδας

274 1077 351 1148 οὗ
396 1079 641 1166 μικρὰς
686 1083 857 1166 ’έχεις
900 1084 1062 1171 περὶ
1113 1085 1233 1149 τοῦ
1276 1082 1703 1168 πράγματος,
1759 1081 1818 1148 εἰ
1869 1081 2184 1165 βασιλεῦς
2224 1077 2449 1166 μάθοι

272 1186 485 1250 ταῦτα
544 1183 762 1273 σοφὸς
822 1178 991 1274 ἀνὴρ
1048 1185 1162 1252 καὶ
1218 1184 1543 1251 παιδείαν
1595 1182 1891 1267 μάλιστα
1945 1186 2192 1267 τιμῶν·
2252 1184 2313 1251 εἰ
2374 1184 2447 1252 δὲ

272 1288 486 1352 ταῦτα
536 1281 710 1371 ῦπὲρ
771 1289 893 1352 σοῦ
950 1286 1194 1364 ἐκεῖνος
1262 1279 1633 1366 ἀκούσειεν,
1704 1282 1796 1364 ὥς
1850 1279 1990 1374 ὠνῇ
2044 1286 2278 1371 βιβλία
2333 1288 2448 1358 καὶ

278 1385 577 1473 ξυνάγεις
618 1385 865 1470 πολλά,
911 1387 1138 1455 πάντα
1182 1386 1253 1454 ἐν
1279 1393 1517 1473 βραχεῖ
1545 1382 1713 1473 παρ’
1766 1382 1973 1454 αὖτοῦ
2003 1386 2291 1456 ἔσεσθαί
2337 1411 2451 1455 σοι

273 1488 584 1573 νομίζεις.
672 1493 770 1556 23.
823 1480 1001 1573 ἀλλ’,
1052 1475 1108 1553 ῶ
1149 1488 1555 1576 κατάπυγον,
1602 1489 1734 1556 οἴει
1776 1492 2097 1556 τοσοῦτον
2140 1490 2438 1576 μανδρα-
2472 1504 2550 1560 28

269 1590 478 1677 γόραν
519 1589 1021 1673 κατακεχύσθαι
1066 1583 1289 1669 αὗτοῦ,
1342 1588 1434 1671 ῶς
1477 1593 1690 1657 ταῦτα
1733 1590 1854 1673 μὲν
1902 1586 2182 1669 ἀκούειν,
2229 1591 2446 1658 ἐκεῖνα

272 1691 346 1757 δὲ
389 1690 481 1778 μὴ
528 1692 799 1773 εἰδέναι,
854 1690 998 1770 οἶος
1040 1696 1162 1776 μέν
1207 1716 1328 1760 σου
1373 1690 1408 1759 ὅ
1457 1685 1621 1779 μεθ’
1674 1687 1927 1780 ἡμέραν
1968 1697 2140 1776 βίος,
2189 1691 2326 1759 οἶοι
2371 1693 2445 1759 δέ

272 1814 387 1860 σοι
428 1792 653 1875 πότοι,
701 1790 946 1862 ὁποῖαι
990 1793 1063 1860 δὲ
1109 1795 1333 1873 νύκτες
1373 1797 1487 1861 καὶ
1535 1794 1708 1871 οἵοις
1749 1796 1860 1861 καὶ
1904 1789 2163 1879 ἡλίκοις
2208 1793 2442 1880 ξυγκα-

266 1893 581 1979 θεύδεις,·
636 1891 754 1962 οὐκ
798 1892 1013 1963 οἶσθα
1065 1894 1157 1974 ῶς
1202 1883 1344 1963 ῶτα
1386 1898 1500 1965 καὶ
1553 1889 1912 1983 ὀφθαλμοὶ
1959 1897 2202 1964 πολλοὶ
2246 1902 2441 1981 βασι-

267 1998 469 2074 λέως,·
536 1995 619 2063 τὰ
680 1997 751 2064 δὲ
814 1995 902 2065 σὰ
968 1992 1142 2065 οῦτω
1199 1999 1545 2085 περιφανῆ
1604 1996 1785 2065 ἐστιν
1846 1992 1939 2075 ὥς
1994 2000 2106 2064 καὶ
2162 2000 2443 2084 τυφλοῖς

267 2095 444 2167 εἶναι
500 2100 613 2166 καὶ
667 2114 924 2188 κωφοῖς
981 2100 1313 2186 γνώριμα·
1373 2100 1432 2167 εἰ
1474 2098 1601 2186 γὰρ
1662 2102 1775 2167 καὶ
1819 2098 2156 2187 φθέγξαιο
2214 2099 2440 2182 μόνον,

267 2199 330 2268 εἰ
370 2199 498 2288 γὰρ
540 2202 652 2268 καὶ
699 2201 1057 2287 λουόμενος
1102 2195 1507 2285 ἀποδύσαιο,
1553 2203 1809 2286 μᾶλλον
1852 2201 1925 2268 δὲ
1966 2200 2056 2288 μὴ
2108 2193 2439 2289 ἀποδύσῃ,

266 2302 330 2370 εἰ
373 2304 573 2384 δοκεῖ,
620 2304 689 2370 οἱ
733 2297 797 2369 δ’
851 2303 1108 2372 οἰκέται
1133 2303 1342 2389 μόνον
1373 2293 1453 2393 ἢν
1489 2299 1969 2371 ἀποδύσωνταί
1999 2326 2140 2384 σου,
2184 2309 2255 2370 τί
2286 2303 2439 2386 οἴει,

262 2405 357 2493 μὴ
419 2398 654 2473 αὐτίκα
712 2403 999 2473 ἔσεσθαι
1054 2405 1282 2473 πάντα
1337 2428 1458 2473 σου
1524 2406 1834 2494 πρόδηλα
1890 2404 1976 2472 τὰ
2033 2408 2152 2493 τῆς
2208 2403 2443 2483 νυκτὸς

158 2524 249 2575 119
274 2499 667 2595 ἀπόρρητα,·
711 2505 863 2573 εἰπὲ
895 2509 1050 2594 γοῦν
1092 2533 1213 2591 μοι
1254 2510 1367 2574 καὶ
1412 2507 1587 2589 τόδε,
1635 2507 1694 2574 εἰ
1725 2506 1997 2586 Βάσσος
2041 2503 2076 2574 o‘
2124 2502 2442 2592 ῦμέτερος

264 2607 513 2686 ἐκεῖνος
558 2606 889 2697 σοφιστὴς
932 2598 974 2695 ἢ
1005 2603 1315 2687 Βάταλος
1359 2605 1394 2677 ὅ
1435 2602 1722 2697 αῦλητὴς
1765 2597 1872 2696 ἢὸ
1920 2608 2220 2686 κίναιδος
2242 2604 2442 2693 Ἡμι-

4 321 13 716 y
963 300 1138 354 ΠΡΟΣ
1170 301 1303 355 ΤΟΝ
1339 299 1776 356 ΑΠΑΙΔΕΥΤΟΝ.
2327 301 2447 359 131

4 1047 5 1076 ι

262 2714 453 2776 θέων
496 2705 531 2776 o‘
579 2715 984 2799 Συβαρίτης,
1029 2709 1107 2788 ὃς
1148 2711 1305 2790 τούς
1348 2708 1790 2794 θαυμαστοὺς
1831 2705 1988 2794 ῦμῖν
2033 2703 2276 2793 νόμους
2323 2731 2440 2775 συ·-

237 2817 629 2900 ,νέγραψεν,
705 2808 800 2890 ὥς
866 2811 988 2901 χρὴ
1057 2815 1456 2879 λεαίνεσθαι
1526 2812 1637 2877 καὶ
1707 2811 2263 2896 παρατίλλεσθαι
2326 2812 2436 2877 καὶ

261 2913 553 2998 πάσχειν
613 2916 726 2982 καὶ
785 2929 1010 2983 ποιεῖν
1067 2915 1314 2997 ἐκεῖνα,
1377 2914 1437 2982 εἶ
1494 2912 1746 2979 τούτων
1803 2937 1909 2990 τις
1967 2914 2109 2978 νυνὶ
2138 2912 2438 2998 ’λεοντῆν

260 3015 837 3104 περιβαλλόμενος
878 3019 990 3084 καὶ
1035 3010 1336 3105 ῥόπαλον
1381 3016 1546 3099 ἔχων
1579 3015 1865 3100 βαδίζοι,
1911 3020 1982 3082 τί
2026 3013 2159 3081 οἴει
2202 3027 2437 3101 φανεῖ-

261 3123 440 3185 σθαι
482 3130 627 3195 τοῖς
678 3114 964 3203 δρῶσιν,·
1012 3113 1338 3205 Ἡρακλέα
1384 3114 1559 3185 εἶναι
1616 3111 1853 3200 αὖτόν,·
1911 3112 2057 3199 οῦκ,
2118 3116 2184 3184 εἴ
2229 3141 2303 3203 γε
2345 3115 2435 3204 μὴ

255 3220 533 3304 χύτραις
592 3221 928 3309 λημῶντες
981 3220 1386 3306 τυγχάνοιεν.
1476 3226 1682 3306 μυρία
1737 3219 1864 3306 γάρ
1921 3218 2063 3287 ἐστι
2106 3217 2192 3286 τὰ
2253 3212 2438 3286 ἀντι-

258 3323 727 3407 μαρτυροῦντα
770 3324 870 3408 τῷ
921 3320 1261 3408 σχήματα·
1274 3321 1580 3406 βάδισμα
1622 3323 1734 3389 καὶ
1774 3323 2043 3408 βλέμμα
2085 3323 2199 3387 καὶ
2243 3320 2437 3409 φωνὴ

258 3426 376 3492 καὶ
418 3422 743 3513 τράχηλος
801 3423 1357 3509 ἐπικεκλασμένος
1415 3427 1529 3492 καὶ
1590 3422 1935 3510 ψιμύθιον
1990 3424 2103 3489 καὶ
2145 3425 2436 3508 μαστίχη

258 3528 376 3594 καὶ
420 3529 650 3613 φῦκος,
697 3524 799 3604 οἷς
827 3524 1018 3610 ὑμεῖς
1047 3532 1438 3613 κοσμεῖσθε,
1482 3526 1594 3593 καὶ
1625 3517 1800 3603 ὅλως
1828 3522 1998 3590 κατὰ
2027 3522 2148 3608 τὴν
2188 3547 2437 3608 παροι-

257 3634 448 3713 μίαν,
490 3631 751 3695 θᾶττον
798 3617 879 3696 ἀν
925 3632 1128 3695 πέντε
1171 3627 1540 3717 ἐλέφαντας
1583 3621 1719 3694 ὗπὸ
1764 3625 1982 3712 μάλης
2023 3623 2348 3710 κρύψειας
2392 3613 2436 3711 ἢ

263 3728 384 3796 ἕνα
445 3728 766 3798 κίναιδον.
870 3726 1016 3796 εἶτα
1071 3726 1110 3817 ἡ
1168 3732 1404 3817 λεοντῆ
1460 3729 1581 3813 μὲν
1646 3727 1764 3795 τὸν
1820 3727 2127 3794 τοιοῦτον
2186 3719 2301 3792 οῦκ
2355 3715 2437 3794 ὃν

262 3831 549 3918 ἔκρυψε,
608 3830 688 3897 σὺ
748 3831 816 3896 δ’
877 3831 1009 3899 οἴει
1066 3830 1293 3919 λήσειν
1357 3830 1767 3914 σκεπόμενος
1807 3830 2053 3916 βιβλίῳ
2066 3857 2089 3912 ,·
2146 3821 2292 3895 ἀλλ’
2358 3823 2435 3896 οῦ

262 3931 584 4002 δυνατόν·
629 3933 976 4021 προδώσει
1002 3932 1128 4019 γάρ
1175 3956 1251 4001 σε
1292 3935 1406 4000 καὶ
1445 3930 1875 4018 ἀποκαλύψει
1902 3929 1989 3997 τὰ
2037 3925 2208 3997 ἀλλα
2250 3926 2435 4015 ὗμῶν

258 4042 716 4123 γνωρίσματα.
805 4040 908 4103 24.
953 4033 1030 4101 τὸ
1093 4029 1156 4100 δ’
1216 4027 1374 4102 ὅλον
1420 4029 1678 4123 ἀγνοεῖν
1729 4060 1849 4120 μοι
1894 4035 2109 4111 δοκεῖς
2154 4026 2261 4100 ὅτι
2304 4032 2427 4110 τὰς
2460 4049 2540 4103 24

2044 4136 2119 4188 9*
