2867 4525
512 285 595 342 20
1407 281 1694 336 ΛΟΥΚΙΑΝ
1697 281 1783 334 ΟΥ

511 458 643 534 λῶς
689 451 822 538 εἶχέ
863 479 985 539 μοι
1044 446 1236 538 ἀνδρὶ
1293 449 1418 539 ’ἤδη
1478 451 1971 536 τετταράκοντα
2029 450 2141 539 ἔτη
2200 449 2434 534 σχεδὸν
2486 474 2684 537 γεγο-

510 558 657 626 νότι
711 556 1029 642 θορύβων
1095 556 1218 639 μὲν
1285 553 1554 621 ἐκείνων
1618 557 1731 622 καὶ
1799 554 2001 621 δικῶν
2059 546 2504 641 ἀπηλλάχθαι
2563 556 2682 620 καὶ

512 659 669 737 τοὺς
725 654 972 743 ἄνδρας
1033 656 1352 736 δικαστὰς
1410 650 1719 742 άτρεμεῖν
1789 655 1934 737 ἐᾶν,
2000 654 2337 739 τυράννων
2394 678 2683 743 κατηγο-
2700 669 2774 719 831

515 770 667 850 ρίας
709 763 821 828 καὶ
867 758 1196 847 ἀριστέων
1242 761 1562 837 ἐπαίνους
1600 757 1986 844 ἐκφυγόντα,
2031 755 2100 834 ἒς
2143 756 2216 824 δὲ
2245 755 2365 847 τὴν
2387 750 2684 846 Ἀκαδη-

513 870 676 949 μίαν
708 853 750 953 ἢ
797 862 866 942 ἐς
905 861 982 930 τὸ
1017 861 1315 929 Λύκειον
1361 860 1657 928 ἐλθόντα
1685 864 1783 948 τῷ
1811 863 2140 948 βελτίστῳ
2169 854 2389 947 τούτῳ
2418 859 2685 927 Διαλό-

513 990 608 1053 γῳ
654 978 1192 1050 συμπεριπατεῖν
1234 960 1451 1050 ἠρέμα
1497 964 2021 1050 διαλεγομένους,
2064 965 2201 1028 τῶν
2233 961 2533 1029 ἐπαίνων
2566 964 2684 1028 καὶ

513 1067 769 1153 κρότων
816 1061 892 1134 ού
939 1068 1312 1151 δεομένους.
1400 1064 1624 1132 πολλὰ
1672 1066 1836 1148 ἔχων
1881 1064 2101 1133 εἰπεῖν
2143 1060 2267 1154 ἤδη
2300 1063 2682 1147 παύσομαι.

513 1167 701 1253 ὑμεῖς
747 1169 819 1235 δὲ
864 1165 1135 1255 εὔορκον
1177 1168 1299 1258 τὴν
1342 1171 1582 1256 ψῆφον
1628 1167 1947 1255 ἐνέγκατε.

686 1278 875 1339 ΔΙΚ.
926 1278 1047 1350 Τίς
1088 1284 1353 1355 κρατεῖς

688 1379 902 1440 ΕΡΜ.
951 1367 1222 1451 Πάσαις
1265 1369 1300 1440 o‘
1349 1368 1563 1461 Σύρος
1605 1370 1782 1461 πλὴν
1825 1382 2010 1457 μιᾶς.

685 1482 873 1542 ΔΙΚ.
924 1472 1164 1561 Ῥήτωρ
1220 1500 1325 1553 τις
1382 1476 1595 1543 ἔοικεν
1652 1472 1826 1542 εἶναι
1869 1470 1904 1541 o‘
1951 1473 2072 1562 τὴν
2117 1471 2426 1539 ἐναντίαν
2468 1474 2687 1554 θέμε-

430 1595 656 1656 Βδνος.
733 1584 834 1648 33.
880 1575 916 1644 6
948 1577 1284 1663 Διάλογος
1328 1577 1448 1644 ἐπὶ
1491 1579 1626 1643 τῶν
1673 1570 1891 1644 αύτῶν
1921 1579 2085 1662 λέγε.
2159 1571 2347 1658 ὑμεῖς
2378 1571 2453 1638 δὲ
2484 1595 2688 1658 περι-

517 1687 789 1766 μείνατε
833 1680 1247 1747 διπλασίονα
1293 1673 1744 1762 ἆποισόμενοι
1783 1678 1903 1746 τὸν
1958 1675 2216 1761 μισθὸν
2271 1672 2387 1742 ἐπ’
2454 1668 2688 1762 ἇμφο-

517 1788 744 1866 τέραις
786 1796 937 1860 ταῖς
982 1783 1218 1862 δίκαις.

689 1888 1216 1952 ΔΙΑΛΟΓΟΣ.
1264 1878 1425 1970 Ἐγὼ
1474 1882 1576 1964 δέ,
1623 1867 1678 1948 ὦ
1725 1877 1961 1968 ἄνδρες
2004 1881 2343 1961 δικασταί,
2388 1876 2688 1965 μακροὺς

520 1987 643 2069 μὲν
689 1980 1073 2053 ἀποτείνειν
1119 1982 1236 2052 οὐκ
1282 1975 1362 2051 ἂν
1407 1982 1776 2073 ἐβουλόμην
1819 1983 1975 2063 τοὺς
2020 1982 2255 2070 λόγους
2283 1980 2460 2069 πρὸς
2487 1977 2688 2066 ὑμᾶς,

523 2082 697 2155 άλλὰ
741 2086 910 2154 κατὰ
954 2084 1192 2173 μικρὸν
1237 2084 1468 2171 ὥσπερ
1514 2086 1755 2154 ε’ίωθα.
1844 2080 2029 2170 ὅμως
2084 2086 2157 2153 δὲ
2200 2081 2295 2164 ὥς
2351 2084 2557 2168 νόμος
2620 2082 2690 2152 ἐν

521 2202 666 2268 τοῖς
711 2190 1196 2279 δικαστηρίοις,
1246 2180 1420 2255 οὕτω
1466 2188 1846 2277 ποιήσομαι
1889 2187 2009 2279 τὴν
2050 2193 2450 2278 κατηγορίαν
2495 2187 2691 2255 ἰδιώ-

521 2315 641 2380 της
683 2292 1091 2359 παντάπασι
1141 2294 1254 2359 καὶ
1315 2286 1588 2374 ἄτεχνος
1643 2295 1778 2359 τῶν
1830 2291 2154 2360 τοιούτων
2212 2285 2338 2359 ι’όν·
2395 2297 2512 2359 καί
2564 2317 2692 2376 μοι

523 2397 723 2460 τοῦτο
769 2393 942 2460 ἔστω
986 2393 1162 2482 πρὸς
1204 2391 1379 2480 ὑμᾶς
1420 2393 1499 2461 τὸ
1545 2400 1926 2480 προοίμιον.
2001 2391 2043 2459 ἃ
2089 2394 2163 2461 δὲ
2206 2387 2527 2482 ἠδίκημαι
2567 2397 2688 2462 καὶ

523 2495 1010 2582 περιύβρισμαι
1064 2497 1237 2583 πρὸς
1293 2496 1567 2579 τούτου,
1623 2497 1833 2564 ταῦτά
1879 2495 2090 2578 ἐστιν,
2148 2495 2258 2563 ὅτι
2309 2522 2396 2581 με
2441 2495 2688 2580 σεμνὸν

522 2602 690 2677 τέως
735 2593 898 2666 ὄντα
940 2602 1051 2667 καὶ
1098 2602 1283 2666 θεῶν
1311 2624 1386 2666 τε
1413 2605 1575 2684 πέρι
1604 2602 1714 2666 καὶ
1748 2599 2016 2687 φύσεως
2042 2601 2153 2666 καὶ
2195 2602 2314 2685 τῆς
2343 2602 2477 2666 τῶν
2508 2591 2689 2668 ὅλων

525 2700 850 2786 περιόδου
925 2701 1413 2786 σκοπούμενον,
1491 2699 1754 2790 ὑψηλὸν
1829 2697 1967 2770 άνω
2041 2726 2177 2769 που
2249 2705 2386 2769 τῶν
2459 2705 2780 2791 νεφῶν832

527 2797 1051 2889 ἀεροβατοῦντα,
1120 2804 1294 2870 ἔνθα
1359 2800 1394 2872 o‘
1462 2808 1670 2890 μέγας
1735 2803 1804 2871 ἐν
1870 2797 2134 2890 οὐρανῷ
2197 2804 2366 2882 Ζεὺς
2429 2805 2690 2892 πτηνὸν

528 2904 709 2991 ἅρμα
755 2904 1048 2972 ἐλαύνων
1093 2910 1401 2992 φέρεται,
1448 2906 1910 2989 κατασπάσαςἼ
1938 2902 2141 2984 αὐτὸς
2182 2900 2307 2994 ἤδη
2354 2906 2523 2973 κατὰ
2567 2907 2690 2994 τὴν

529 3002 752 3090 ἁψῖδα
816 3000 1211 3089 ποτιόμενον
1266 3009 1381 3074 καὶ
1450 3001 1899 3092 ἀναβαίνοντα
1955 3003 2128 3093 ὑπὲρ
2185 3008 2271 3074 τὰ
2328 3012 2511 3077 νῶτα
2564 3013 2688 3077 τοῦ

528 3101 817 3192 ούρανοῦ
857 3109 970 3173 καὶ
1013 3105 1099 3172 τὰ
1143 3106 1363 3192 πτερὰ
1409 3115 1781 3194 συντρίψας
1839 3109 2214 3179 ἰσοδίαιτον
2255 3125 2402 3191 τοῖς
2446 3113 2693 3192 πολοῖς

529 3209 842 3298 ἐποίησε,
916 3211 1028 3276 καὶ
1094 3207 1171 3276 τὸ
1238 3210 1361 3294 μὲν
1430 3210 1743 3299 τραγικὸν
1810 3211 2019 3280 ἐκεῖνο
2084 3216 2199 3281 καὶ
2267 3214 2691 3303 σωφρονικὸν

530 3325 969 3399 προσωπεῖον
1016 3309 1255 3399 ἀφεῖλέ
1295 3338 1458 3396 μου,
1512 3314 1802 3399 κωμικὸν
1849 3316 1921 3383 δὲ
1963 3319 2076 3383 καὶ
2123 3315 2479 3401 σατυρικὸν
2525 3312 2692 3384 ἄλλο

531 3413 827 3501 ἐπέθηκέ
869 3438 989 3496 μοι
1031 3417 1144 3481 καὶ
1188 3418 1427 3500 μικροῦ
1474 3417 1612 3484 δεῖν
1640 3418 1929 3503 γελοῖον·
1977 3414 2122 3486 εἶτά
2161 3444 2283 3503 μοι
2314 3416 2382 3497 ἐς
2410 3416 2487 3486 τὸ
2523 3414 2689 3488 αὑτὸ

530 3521 755 3604 φέρων
801 3516 1238 3602 συγκαθεῖρξε
1281 3516 1356 3584 τὸ
1418 3522 1703 3603 σκῶμμα
1757 3522 1867 3586 καὶ
1929 3520 2049 3588 τὸν
2105 3520 2354 3604 ίαμβον
2403 3523 2518 3588 καὶ
2578 3548 2693 3589 κυ-

530 3617 770 3703 νισμὸν
823 3620 937 3684 καὶ
993 3616 1110 3684 τὸν
1170 3613 1472 3686 Ευπολιν
1524 3623 1637 3688 καὶ
1692 3619 1810 3689 τὸν
1847 3620 2373 3712 Ἀριστοφάνην,
2431 3622 2694 3703 δεινούς

528 3714 777 3801 ανδρας
821 3718 1344 3807 επικερτομῆσαι
1385 3721 1472 3788 τὰ
1517 3722 1727 3807 σεμνὰ
1770 3726 1883 3790 καὶ
1934 3723 2262 3807 χλευάσαι
2314 3724 2401 3790 τὰ
2457 3719 2692 3811 ὄρθ’ως

530 3820 795 3902 ἔχοντα,
854 3823 1234 3890 τελευταῖον
1290 3824 1364 3892 δὲ
1415 3828 1527 3893 καὶ
1572 3824 1952 3893 Μένιππόν
2001 3852 2155 3894 τινα
2197 3829 2332 3894 τῶν
2375 3829 2693 3895 παλαιων

527 3947 741 3988 κυνων
798 3922 983 4005 μάλα
1026 3919 1378 3993 ὑλακτικὸν
1423 3923 1518 4006 ὥς
1574 3927 1756 3993 δοκεῖ
1808 3930 1919 3996 καὶ
1975 3928 2306 4014 κάρχαρον
2364 3921 2692 4012 ανορύξας

530 4025 641 4090 καὶ
685 4025 922 4091 τοῦτον
968 4021 1367 4116 ἐπεισήγαγέ
1409 4054 1531 4112 μοι
1575 4028 1868 4116 φοβερόν
1910 4056 2063 4099 τινα
2094 4026 2186 4109 ὥς
2216 4025 2499 4119 άληθῶς
2526 4032 2692 4098 κύνα
