2867 4525
1003 291 1155 346 ΠΕΡΙ
1189 290 1570 345 ΠΑΡΑΣΙΤΟΥ.
2293 289 2376 347 39

398 468 598 527 TYX.
679 454 894 540 Οὗτος
936 462 1058 545 μὲν
1103 473 1404 548 γενναῖος
1459 456 1494 526 o‘
1552 458 1947 547 παράσιτος.
2037 457 2099 525 εἰ
2145 458 2218 525 δὲ
2262 461 2372 526 καὶ

238 557 466 641 ἄλλους
507 562 695 641 τινὰς
742 560 973 639 οἶσθα,
1020 566 1240 651 πειρῶ
1284 565 1517 649 λέγειν.

151 677 217 727 871
389 670 485 732 46.
527 670 746 733 ΠΑΡ.
811 671 897 732 Τί
956 653 1091 747 οὖν,
1139 651 1195 731 ῶ
1246 664 1569 752 Τυχιάδη,
1631 661 1773 747 οὐχὶ
1817 667 1925 731 καὶ
1974 663 2461 748 Πάτροκλος46

233 768 339 832 τοῦ
369 760 723 848 Ἀχιλλέως
766 766 1147 855 παράσιτος
1190 752 1297 854 ἦν,
1344 771 1456 834 καὶ
1501 769 1714 832 ταῦτα
1760 758 2031 843 οὐδενὸς
2074 769 2206 832 τῶν
2254 761 2373 831 άλ-

232 870 349 934 λων
385 864 704 957 Ἑλλήνων
757 869 1170 959 φαυλότερος
1225 864 1378 936 οὔτε
1420 866 1550 954 ’τὴν
1593 866 1811 956 ψυχὴν
1858 863 2010 934 οὔτε
2052 867 2128 934 τὸ
2178 871 2373 953 σῶμα

231 976 477 1048 νεανίας
521 967 653 1054 ῶν,
695 967 821 1057 ἔγώ
865 970 993 1057 γὰρ
1042 963 1190 1037 οὐδ’
1245 964 1451 1036 αὐτοῦ
1494 993 1614 1054 μοι
1661 969 1835 1035 δοκῶ
1876 972 1996 1035 τοῦ
2018 962 2373 1053 Ἀχιλλέως

229 1078 702 1157 τεκμαίρεσθαι
761 1086 906 1151 τοῖς
950 1073 1168 1160 ἔργοις
1213 1065 1415 1139 αὗτοῦ
1456 1077 1659 1158 χείρω
1706 1067 1907 1138 εἶναι·
1965 1071 2083 1138 τόν
2129 1097 2202 1139 τε
2242 1071 2370 1160 γὰρ

216 1165 470 1261 Ἕκτορα
528 1173 820 1263 ῥήξαντα
875 1175 999 1253 τὰς
1055 1174 1276 1253 πύλας
1332 1176 1446 1241 καὶ
1502 1173 1691 1262 παρὰ
1734 1188 1884 1252 ταῖς
1928 1176 2161 1242 ναυσὶν
2207 1175 2370 1241 ε’ίσω

227 1275 583 1361 μαχόμενον
642 1271 836 1353 οὗτος
894 1274 1134 1355 ἐξέωσε
1188 1278 1302 1342 καὶ
1345 1273 1465 1364 τὴν
1509 1275 1993 1363 Πρωτεσιλάου
2038 1280 2198 1344 ναῦν
2243 1272 2368 1366 ἤδη

226 1382 567 1467 καιομένην
625 1376 888 1463 ἔσβεσε,
945 1385 1168 1445 καίτοι
1225 1371 1630 1461 ἐπεβάτευον
1677 1373 1876 1468 αὐτῆς
1921 1372 2037 1461 οὐχ
2082 1380 2148 1445 οἱ
2194 1405 2370 1468 φαυ-

227 1477 510 1560 λότατοι,
577 1472 726 1546 ἀλλ’
785 1481 851 1547 οἱ
907 1483 1026 1546 τοῦ
1086 1482 1488 1563 Τελαμῶνος
1530 1479 1722 1558 Α’ίας
1778 1506 1851 1547 τε
1905 1483 2016 1548 καὶ
2062 1485 2365 1566 Τεῦκρος,

226 1576 256 1646 ὃ
310 1582 424 1663 μὲν
483 1578 774 1670 ὁπλίτης
819 1576 1113 1668 ἇγαθός,
1170 1577 1206 1649 ὅ
1257 1581 1329 1648 δὲ
1371 1580 1669 1671 τοξότης.
1756 1585 1869 1649 καὶ
1915 1582 2207 1660 πολλοὺς
2247 1584 2369 1665 μὲν

226 1679 561 1750 ἀπέκτεινε
615 1687 752 1750 τῶν
805 1683 1195 1770 βαρβάρων,
1252 1682 1321 1751 ἓν
1382 1684 1455 1749 δὲ
1501 1681 1581 1770 δὴ
1626 1682 1892 1760 τούτοις
1934 1685 2045 1750 καὶ
2090 1689 2368 1771 Σαρπη-

226 1774 372 1850 &Eva
413 1784 532 1852 τὸν
569 1785 791 1853 παῖδα
819 1788 940 1852 τοῦ
968 1785 1157 1867 Διός,
1206 1781 1241 1852 ὁ
1275 1784 1656 1868 παράσιτος
1684 1788 1804 1851 τοῦ
1824 1778 2197 1868 Ἀχιλλέως.
2254 1789 2365 1854 καὶ

226 1878 519 1954 ἀπέθανε
587 1888 659 1955 δὲ
727 1882 873 1970 οὗχὶ
938 1901 1083 1965 τοῖς
1136 1882 1367 1965 ἄλλοις
1419 1881 1701 1971 ὁμοίως,
1772 1881 1921 1954 ἀλλ’
1992 1881 2195 1955 αὐτὸν
2244 1889 2366 1972 μὲν

210 1977 466 2073 Ἕκτορα
514 1982 860 2072 Ἀχιλλεὺς
914 1983 1330 2070 ἀπέκτεινεν,
1389 1988 1486 2067 εἷς
1539 1988 1681 2070 ἔνα,
1739 1993 1851 2056 καὶ
1906 1983 2110 2057 αὐτὸν
2145 1984 2366 2074 Ἀχιλ-

221 2089 326 2155 λέα
364 2090 623 2177 Πάρις,
680 2090 798 2159 τὸν
859 2092 931 2159 δὲ
989 2091 1369 2178 παράσιτον
1422 2088 1594 2168 θεὸς
1648 2092 1760 2158 καὶ
1815 2090 1933 2158 δύο
1980 2088 2362 2179 ἅνθρωποι.

220 2193 315 2257 καὶ
367 2194 694 2261 τελευτῶν
752 2194 825 2261 δὲ
883 2191 1118 2283 φωνὰς
1163 2185 1415 2282 ἀφῆκεν
1462 2191 1577 2276 οὐχ
1623 2192 1774 2273 οἵας
1817 2189 1852 2260 ὃ
1897 2195 2364 2281 γενναιότατος

209 2284 433 2382 Ἕκτωρ
476 2299 596 2364 καὶ
641 2301 1100 2380 προσπίπτων
1143 2293 1260 2362 τὸν
1297 2288 1609 2378 Ἀχιλλέα
1652 2298 1764 2364 καὶ
1823 2297 2129 2365 ἱκετεύων
2173 2292 2366 2377 ὅπως

221 2391 252 2461 ὅ
304 2397 529 2481 νεκρὸς
591 2392 793 2466 αὐτοῦ
848 2411 993 2476 τοῖς
1050 2397 1325 2476 οἰκείοις
1369 2392 1696 2486 ἀποδοθῇ
1708 2450 1727 2480 ,
1787 2392 1937 2464 ἀλλ’
1991 2399 2143 2478 οἵας
2187 2399 2365 2478 εἰκὸς

224 2488 483 2584 ἀφεῖναι
528 2500 931 2585 παράσιτον.
1020 2506 1210 2577 τίνας
1257 2498 1335 2588 δὴ
1380 2500 1666 2583 ταύτας,-

293 2606 591 2669 τοιοῦτοι
636 2596 701 2669 δ’
756 2603 948 2686 ε’ίπερ
993 2627 1113 2686 μοι
1159 2600 1443 2669 ἐείκοσιν
1489 2595 1961 2689 ἀντεβόλησαν,

142 2708 208 2761 872
297 2703 543 2783 πάντες
584 2699 649 2770 κ’
704 2698 950 2771 αὐτόθ’
1000 2698 1238 2771 ὄλοντο
1285 2701 1425 2790 ἐμῷ
1468 2698 1604 2771 ὕπὸ
1655 2704 1842 2789 δουρὶ
1888 2704 2223 2787 δαμέντες.

373 2813 476 2874 47.
574 2813 783 2874 TYX.
879 2809 1109 2873 Ταῦτα
1163 2805 1283 2888 μὲν
1343 2806 1605 2883 ἱκανῶς.
1692 2798 1802 2872 ὅτι
1858 2805 1931 2871 δὲ
1988 2803 2077 2889 μὴ
2140 2807 2356 2892 φίλος,
2376 2811 2448 2866 47

221 2898 375 2974 ἀλλὰ
431 2909 815 2993 παράσιτος
869 2892 951 2994 ἦν
1007 2903 1043 2975 ὅ
1091 2908 1489 2995 Πάτροκλος
1541 2910 1663 2974 τοῦ
1697 2899 2085 2991 Ἀχιλλέως,
2144 2909 2360 2993 πειρῶ

219 3008 435 3094 λέγειν.

370 3116 595 3178 ΠΛΡ.
642 3104 898 3191 Αὐτόν,
945 3094 998 3175 ιις
1041 3110 1352 3199 Τυχιάδη,
1399 3109 1517 3177 τὸν
1545 3110 1941 3197 Πάτροκλον
1985 3103 2095 3179 ὅτι
2138 3110 2358 3196 παρά·

220 3234 390 3290 σιτος
433 3200 535 3303 ἦν,
585 3212 860 3300 λέγοντά
908 3235 1020 3279 σοι
1062 3212 1465 3297 παρέξομαι.

379 3324 588 3384 ΤΥΧ.
636 3313 1009 3398 ,Θαυμαστὰ
1060 3312 1291 3400 λέγεις.

370 3421 596 3485 ΠΛΡ.
626 3414 871 3484 ’Ἀκουε
913 3423 1138 3483 τοίνυν
1183 3409 1406 3480 αὐτῶν
1445 3418 1579 3481 τῶν
1625 3414 1835 3482 ἐπῶν·

330 3519 417 3610 μὴ
468 3518 596 3604 ἐμὰ
643 3522 781 3587 σῶν
827 3512 1181 3585 ἀπάνευθε
1224 3516 1591 3603 τιθήμεναι
1636 3511 1846 3598 ὀστέ’,
1884 3511 2209 3600 Ἀχιλλεῦ,ι

332 3615 485 3687 ἀλλ’
537 3618 726 3706 ὁμοῦ,
775 3615 866 3699 ὥς
910 3619 1342 3709 ἐτράφηνπερ
1390 3617 1459 3686 ἐν
1502 3615 1883 3702 ὑμετέροισι
1928 3617 2219 3703 δόμοισι.
2295 3668 2300 3673 .

217 3723 316 3788 καὶ
342 3722 552 3792 πάλιν
581 3717 865 3808 ὖποβάς,
895 3728 1013 3789 καί·
1036 3746 1165 3806 ,,με
1202 3719 1619 3804 δεξάμενος“,
1667 3724 1893 3809 φησίν,
1939 3717 2019 3802 ,,ὅ
2051 3720 2359 3809 Πηλεὺςα

332 3824 605 3914 ἔτρεφεν
650 3824 969 3903 ἐνδυκέως
1011 3825 1124 3891 καὶ
1170 3821 1291 3890 σὸν
1334 3815 1721 3907 θεράποντ’
1774 3819 2077 3911 ὀνόμηνε,

218 3931 506 4005 τουτέστι
564 3926 947 4013 παράσιτον
991 3923 1178 4009 εἶχεν.
1266 3924 1326 3992 εἰ
1369 3925 1490 4009 μὲν
1532 3930 1757 3992 τοίνυν
1802 3925 2004 4014 φίλον
2050 3923 2356 4009 ἐβούλετο

219 4024 321 4101 τὸν
349 4028 739 4117 Πάτροκλον
784 4031 1016 4114 λέγειν,
1062 4022 1177 4095 οὐκ
1223 4016 1304 4094 ὃν
1351 4021 1552 4094 αὐτὸν
1593 4019 1894 4111 ὠνόμαζε
1924 4025 2353 4109 θεράποντα·
