2867 4525
1112 267 1496 324 ΜΑΚΡΟΒΙΟΙ.
2270 272 2388 331 159

221 436 467 523 ἐβίωσε
523 438 598 507 δὲ
655 434 1091 530 ὀγδοήκοντα,
1153 436 1245 519 ὥς
1286 438 1563 526 Μήδιός
1613 465 1690 507 τε
1747 440 2002 526 ἱστορεῖ
2042 443 2154 508 καὶ
2200 436 2394 510 ἄλλοι

224 554 648 629 συγγραφεῖς.
722 538 975 628 ὁμοίως
1005 543 1078 610 δὲ
1106 544 1221 610 καὶ
1242 535 1692 627 Ἀντίπατρος
1721 539 1757 612 ὅ
1782 537 2038 611 Ἰολάου
2081 547 2393 630 μέγιστον

224 642 545 732 δυνηθεὶς
587 646 701 712 καὶ
746 644 1245 733 ἐπιτροπεύσας
1286 643 1585 724 πολλοὺς
1612 645 2030 713 Μακεδόνων
2071 647 2393 731 βασιλέας

221 741 395 829 ὖπὲρ
441 743 526 813 τὰ
580 739 987 834 ὀγδοήκοντα
1043 741 1238 826 οὗτος
1292 746 1405 836 ἔτη
1464 746 1667 836 ζήσας
1711 745 2018 815 ἐτελεύτα
2059 746 2193 815 τὸνη
2218 753 2392 833 βίον.

228 852 327 915 12.
372 849 802 933 Πτολεμαῖος
854 849 927 916 δὲ
971 846 1006 918 ό
1052 849 1295 936 Λάγου
1340 847 1376 917 ὅ
1422 852 1557 916 τῶν
1611 843 1772 917 καθ’
1825 846 2031 917 αὖτόν
2075 843 2388 936 εὖδαιμο-
2422 866 2498 921 12

223 952 544 1027 νέστατος
584 951 917 1035 βασιλέων
945 950 1308 1039 Αἰγύπτου
1348 952 1471 1037 μὲν
1516 950 1903 1037 ἐβασίλευσε
1943 956 2240 1040 τέσσαρα
2281 955 2395 1021 καὶ

222 1042 633 1140 ὀγδοήκοντα
673 1051 932 1137 βιώσας
975 1053 1111 1142 ἔτη,
1160 1053 1286 1135 ζῶν
1330 1054 1403 1121 δὲ
1450 1052 1801 1136 παρέδωκε
1842 1052 1964 1143 τὴν
2008 1048 2212 1141 ἆρχὴν
2254 1054 2390 1142 πρὸ

228 1150 364 1219 δύο·
396 1150 572 1220 ἐτοῖν
613 1157 735 1239 τῆς
762 1156 1069 1244 τελευτῆς
1097 1157 1510 1244 Πτολεμαίῳ
1552 1162 1647 1242 τῷ
1692 1156 1839 1242 υἱῷ,
1876 1157 2291 1246 Φιλαδέλφῳ
2321 1156 2395 1222 δὲ

228 1253 602 1344 ἐπίκλησιν,
648 1253 838 1335 όστις
868 1257 1207 1338 διεδέξατο
1238 1256 1359 1346 τὴν
1388 1256 1714 1346 πατρῴαν
1755 1260 2130 1343 βασιλείαν.
2198 1252 2396 1325 ἇδελ-

118 1371 208 1421 217
226 1361 379 1445 φῶν
424 1357 498 1426 δὲ
546 1360 948 1446 Φιλέταιρος
991 1363 1263 1447 πρῶτος
1305 1361 1427 1446 μὲν
1481 1359 1800 1450 ἐκτήσατο
1844 1361 1966 1448 τὴν
2008 1363 2169 1449 περὶ
2213 1366 2396 1449 Πέρ-

224 1485 441 1547 γαμον
473 1458 678 1551 ἀρχὴν
706 1464 819 1530 καὶ
847 1467 1155 1546 κατέσχεν
1196 1459 1502 1546 εὐνοῦχος
1546 1456 1658 1545 ὤν,
1701 1467 2116 1549 κατέστρεψε
2161 1463 2233 1530 δὲ
2274 1463 2394 1531 τὸν

225 1567 379 1648 βίον
409 1560 818 1651 ὀγδοήκοντα
849 1562 1015 1631 ἐτῶν
1041 1564 1410 1651 γενόμενος.
1467 1559 1795 1642 Ἄτταλος
1825 1564 1898 1631 δὲ
1927 1560 1965 1632 ὅ
1999 1563 2394 1654 ἐπικληθεὶς

233 1662 686 1753 Φιλάδελφος,
729 1669 864 1734 τῶν
893 1669 1351 1756 Περγαμηνῶν
1390 1668 1503 1734 καὶ
1549 1659 1745 1745 οὗτος
1778 1666 2172 1752 βασιλεύων,
2217 1664 2395 1752 πρὸς

229 1763 308 1833 ὃν
380 1768 493 1834 καὶ
557 1773 859 1835 Σκιπίων
931 1767 966 1834 ό
1041 1772 1178 1835 τῶν
1237 1764 1576 1854 Ῥωμαίων
1649 1770 2018 1856 στρατηγὸς
2091 1761 2391 1857 ἄφίκετο,

229 1866 348 1934 δύο
401 1870 515 1936 καὶ
567 1861 974 1957 ὀγδοήκοντα
1029 1870 1194 1938 ἐτῶν
1240 1869 1507 1950 ἐξέλιπε
1548 1870 1667 1940 τὸν
1706 1876 1878 1957 βίον.
1971 1876 2071 1938 13.
2124 1875 2391 1955 Μιθρι-
2425 1890 2500 1946 13

230 1969 438 2059 δάτης
494 1969 568 2038 δὲ
626 1968 661 2039 o‘
708 1971 975 2040 Πόντου
1029 1971 1344 2057 βασιλεὺς
1401 1968 1437 2041 ὃ
1496 1975 2077 2061 προσαγορευθεὶς
2127 1978 2396 2059 κτίστης

219 2065 628 2159 ’.Αντίγονον
670 2073 791 2144 τὸν
833 2072 1331 2162 μονόφθαλμον
1375 2075 1640 2164 φεύγων
1683 2075 1802 2145 ἐπὶ
1832 2074 2099 2143 Πόντου
2136 2073 2396 2142 ἐτελεύ-

227 2197 393 2265 τησε
442 2174 702 2260 βιώσας
757 2176 870 2266 ἔτη
914 2181 1211 2264 τέσσαρα
1253 2179 1365 2244 καὶ
1410 2171 1818 2265 ὀγδοήκοντα
1828 2229 1849 2260 ,
1909 2174 2143 2264 ω’σπερ
2180 2170 2396 2265 Ἱερώ-

97 2280 104 2285 ’
225 2303 431 2362 νυμος
490 2279 747 2366 ἱστορεῖ
800 2281 914 2347 καὶ
973 2274 1169 2348 ἄλλοι
1227 2294 1651 2370 συγγραφεῖς.
1738 2275 2164 2370 Ἀριαράθης
2221 2279 2294 2346 δὲ
2353 2275 2391 2346 ὅ

222 2381 716 2449 Καππαδοκῶν
778 2380 1095 2467 βασιλεὺς
1158 2382 1280 2450 δύο
1344 2383 1466 2468 μὲν
1530 2386 1642 2451 καὶ
1708 2376 2111 2472 ὀγδοήκοντα
2166 2381 2394 2470 ἔζησεν

224 2483 373 2572 ἔτη,
440 2480 533 2563 ὦς
582 2479 969 2570 Ἱερώνυμος
1036 2484 1319 2569 ἱστορεῖ·
1410 2482 1702 2572 ἐδυνήθη
1759 2486 1832 2552 δὲ
1888 2485 2056 2564 ἰ’σως
2107 2487 2219 2552 καὶ
2277 2483 2394 2552 ἐπὶ

223 2587 439 2654 πλέον
507 2586 972 2672 διαγενέσθαι,
1043 2579 1198 2652 ἀλλ’
1269 2585 1339 2653 ἐν
1402 2589 1488 2676 τῇ
1555 2584 1730 2673 πρὸς
1789 2587 2161 2672 Περδίκκαν
2216 2587 2392 2673 μάχῃ

225 2686 600 2777 ζωγρηθεὶς
658 2681 1225 2776 ἀνεσκολοπίσθη.
1319 2695 1416 2755 14.
1463 2691 1683 2774 Κῦρος
1739 2687 1812 2754 δὲ
1856 2683 1891 2754 0‘
1941 2689 2225 2774 Περσῶν
2267 2693 2392 2773 βα-
2425 2706 2498 2760 14

224 2790 453 2868 σιλεῦς
496 2785 531 2856 ὅ
580 2789 895 2868 παλαιός,
941 2785 1035 2868 ὥς
1079 2790 1395 2877 δηλοῦσιν
1440 2789 1506 2857 οἱ
1536 2792 1821 2876 Περσῶν
1863 2791 1975 2857 καὶ
1997 2783 2391 2876 Ἀσσυρίων

120 2901 209 2955 218
230 2885 422 2978 ὧροι,
471 2891 574 2970 οῖς
615 2893 728 2960 καὶ
750 2888 1202 2980 Ὀνησίκριτος
1234 2887 1281 2958 ’ὅ
1322 2889 1407 2958 τὰ
1440 2893 1595 2978 περὶ
1620 2885 2079 2978 Ἀλεξάνδρου
2112 2890 2393 2977 συγγρά-

222 3005 374 3080 ψας
449 3009 836 3083 συμφωνεῖν
915 2994 1126 3075 δοκεῖ,
1207 2992 1680 3083 ἑκατοντούτης
1755 2992 2108 3080 γενόμενος
2181 2991 2393 3081 ἐζήτει

220 3095 348 3181 μὲν
406 3094 522 3163 ἕνα
579 3095 855 3165 ἕκαστον
906 3099 1041 3162 τῶν
1093 3097 1344 3185 φίλων,
1397 3094 1647 3181 μαθών
1704 3096 1777 3165 δὲ
1828 3096 1986 3175 τοὺς
2030 3097 2395 3173 πλείστους

223 3198 777 3286 διεφθαρμένους
839 3193 973 3265 ὑπὸ
1028 3197 1397 3284 Καμβύσου
1464 3202 1586 3267 τοῦ
1653 3200 1863 3278 υἱέος,
1929 3201 2040 3266 καὶ
2099 3191 2396 3288 φάσκον-

219 3300 741 3391 τοςῆΚαμβύσου
785 3298 948 3367 κατδ
1000 3300 1405 3388 πρόσταγμα
1448 3302 1524 3369 τὸ
1574 3300 1825 3369 ἐκείνου
1859 3305 2072 3368 ταῦτα
2100 3326 2395 3388 πεποιη-

223 3406 437 3485 κέναι,
481 3400 561 3469 τὸ
607 3407 731 3488 μέν
771 3428 842 3471 τι
885 3401 1061 3491 πρὸς
1102 3401 1223 3491 τὴν
1267 3396 1583 3492 ὠμότητα
1625 3407 1746 3470 τοῦ
1789 3402 1938 3469 υἱοῦ
1978 3402 2394 3490 διαβληθείς,

224 3504 303 3571 τὸ
357 3504 433 3571 δέ
474 3529 545 3573 τι
588 3500 683 3584 ὥς
726 3508 1251 3591 παρανομοῦντα
1282 3497 1486 3572 αύτὸν
1524 3503 2004 3588 αἰτιασάμενος
2035 3496 2398 3590 ἀθυμήσας

226 3605 544 3674 ἐτελεύτα
600 3605 720 3675 τὸν
777 3612 948 3692 βίον.
1055 3614 1152 3675 15.
1195 3605 1633 3695 Ἀρταξέρξης
1677 3604 1712 3674 ὃ
1761 3606 2072 3693 Μνήμων
2115 3604 2390 3693 ἐπικλη-
2432 3621 2502 3676 15

224 3713 418 3790 θείς,
478 3700 593 3796 ἐφ’
660 3707 739 3775 ὃν
782 3714 1004 3795 Κῦρος
1047 3705 1083 3776 ὅ
1119 3701 1414 3796 ἀδελφὸς
1460 3708 1982 3795 ἐστρατεύσατο,
2023 3705 2398 3792 βασιλεύων

226 3809 299 3878 ἐν
344 3814 655 3898 Πέρσαις
710 3808 1093 3899 ἐτελεύτησε
1145 3809 1321 3897 νόσῳ
1366 3809 1440 3889 ἐξ
1479 3812 1591 3879 καὶ
1634 3807 2038 3897 ὀγδοήκοντα
2082 3809 2247 3878 ἐτῶν
2290 3834 2401 3896 γε·-

228 3912 543 3999 νόμενος,
613 3908 704 3991 ὦς
769 3912 843 3981 δὲ
904 3917 1167 3981 Δείνων
1237 3912 1521 3998 ἱστορεῖ,
1593 3908 1938 3997 τεσσάρων
2001 3916 2113 3980 καὶ
2180 3910 2400 4000 ἐνενή-

225 4041 456 4086 κοντα.
540 4011 999 4103 Ἀρταξέρξης
1060 4013 1282 4102 ἕτερος
1322 4017 1604 4102 Περσῶν
1657 4015 2001 4100 βασιλεύς,
2064 4011 2140 4083 ὅν
2193 4037 2401 4103 φησιν
