2867 4525
464 292 589 354 130
1344 286 1719 345 ΔΟΥΚΙΑΝΟΥ

459 464 668 531 ἐκεῖνο
686 480 702 497 ·
777 463 1230 546 πεπεισμένος
1258 457 1395 528 ὕπὸ
1428 462 1563 529 τῶν
1593 462 1892 530 κολάκων
1937 456 2031 539 ὥς
2061 454 2139 528 οὗ
2185 458 2391 546 μόνον
2421 457 2613 537 καλὸς

461 561 522 633 εἶ
563 567 675 632 καὶ
721 559 1069 650 ἐράσμιος,
1129 556 1300 629 ἀλλὰ
1360 559 1578 651 σοφὸς
1620 564 1734 631 καὶ
1786 557 2006 651 ῥήτωρ
2056 565 2171 630 καὶ
2216 559 2615 648 ξυγγραφεὺς

461 665 603 744 οῖος
637 722 640 724 .
670 660 817 733 οὐδ’
899 665 1151 751 ἕτερος,
1222 661 1360 754 ὠνῇ
1421 662 1509 731 τὰ
1571 666 1837 753 βιβλία,
1897 660 1990 743 ὥς
2046 658 2411 754 ἀληθεύοις
2469 659 2617 739 τοὺς
2688 720 2692 723 ,

461 767 779 845 ἐπαίνους
837 760 1074 834 αύτῶν.
1164 769 1336 855 φασὶ
1396 766 1470 835 δὲ
1527 766 1604 834 σὲ
1658 768 1771 835 καὶ
1817 765 2052 853 λόγους
2107 765 2619 833 ἐπιδείκνυσθαι

461 864 690 949 αὐτοῖς
745 868 861 938 ἐπὶ
923 870 1176 956 δείπνῳ
1233 862 1576 948 κάκείνους
1634 874 1969 955 χερσαίων
2020 867 2376 955 βατράχων
2437 865 2617 953 δίκην

461 973 806 1059 διψῶντας
846 975 1262 1057 κεκραγέναι,
1320 973 1431 1038 καὶ
1489 968 1579 1060 μὴ
1634 972 1890 1057 πίνειν,
1945 960 2027 1055 ἢν
2068 968 2160 1057 μὴ
2210 969 2618 1055 διαρραγῶσι

456 1079 765 1159 βοῶντες.
837 1075 947 1141 καὶ
991 1071 1118 1160 γὰρ
1164 1066 1281 1139 οὒκ
1325 1065 1461 1140 οἶδ’
1512 1064 1703 1151 ὅπως
1733 1072 1978 1163 ῥᾷστος
2023 1066 2083 1138 εἶ
2125 1078 2246 1158 τῆς
2288 1068 2472 1158 ῥινὸς
2516 1068 2617 1136 ἕλ-

456 1180 734 1260 κεσθαι,
793 1177 905 1243 καὶ
961 1175 1306 1253 πιστεύεις
1358 1171 1589 1253 αὐτοῖς
1645 1167 1949 1256 ἅπαντα,
2008 1166 2086 1251 ὅς
2135 1197 2306 1241 ποτε
2354 1166 2615 1240 ’κάκεῖνο

460 1276 821 1366 ἐπείσθης,
879 1273 969 1355 ὥς
1008 1278 1278 1362 βασιλεῖ
1318 1302 1454 1346 τινι
1511 1272 1880 1365 ὡμοιώθης
1922 1273 2043 1364 τὴν
2087 1270 2255 1361 ὄψιν
2298 1268 2612 1359 καθάπερ
2636 1288 2720 1338 116

460 1376 496 1446 ὃ
563 1378 1144 1466 ψευδαλέξανδρος
1205 1380 1320 1445 καὶ
1381 1377 1950 1464 ψευδοφίλιππος
2024 1375 2271 1456 ἐκεῖνος
2333 1374 2618 1465 κναφεὺς

456 1484 567 1551 καὶ
612 1477 648 1549 ὃ
693 1482 862 1548 κατὰ
907 1480 1063 1559 τοὺς
1092 1480 1539 1568 προπάτορας
1566 1476 1752 1568 ἡμῶν
1787 1480 2213 1568 ψευδονέρων
2255 1480 2367 1547 καὶ
2413 1478 2481 1546 εἴ
2516 1502 2619 1557 τις

355 1593 429 1649 21
466 1579 668 1662 ἄλλος
717 1586 850 1650 τῶν
902 1578 1037 1650 ύπὸ
1092 1579 1170 1650 τὸ
1233 1582 1451 1669 ψεῦδο
1507 1586 1942 1668 τεταγμένων.
2028 1585 2131 1649 21.
2174 1583 2289 1648 καὶ
2330 1586 2401 1649 τί
2443 1587 2619 1648 θαυ-

370 1759 377 1764 ,
454 1684 731 1770 μαστόν,
779 1684 840 1752 εἰ
878 1688 1079 1752 τοῦτο
1126 1685 1392 1761 ἐ’παθες
1422 1677 1703 1773 ἀνόητος
1735 1686 1848 1750 καὶ
1892 1680 2303 1761 ἀπαίδευτος
2347 1678 2619 1768 ἄνθρω-

454 1812 587 1865 πος
629 1789 741 1855 καὶ
785 1788 1069 1877 προῄεις
1114 1785 1525 1867 ἐξυπτιάζων
1566 1789 1680 1854 καὶ
1712 1784 2122 1871 μιμούμενος
2162 1785 2465 1871 βάδισμα
2506 1789 2619 1854 καὶ

458 1893 676 1978 σχῆμα
730 1890 843 1957 καὶ
892 1891 1159 1973 βλέμμα
1217 1887 1501 1970 ἐκείνου,
1556 1880 1612 1974 ᾦ
1670 1885 1953 1955 σεαυτὸν
2010 1887 2285 1969 εἰκάζων
2344 1888 2617 1973 ἔχαιρες,

455 1983 633 2058 ὅπου
676 1992 788 2057 καὶ
833 1983 1102 2077 Πύρρον
1148 1992 1321 2078 φασὶ
1363 1987 1483 2057 τὸν
1517 1985 1942 2078 Ἠπειρώτην
1997 1988 2083 2055 τὰ
2129 1985 2301 2056 ἄλλα
2344 1995 2619 2074 θαυμα-

457 2091 616 2160 στὸν
661 2087 873 2178 ἄνδρα
919 2083 1132 2170 οὕτως
1173 2087 1308 2159 ὑπὸ
1355 2092 1654 2161 κολάκων
1698 2093 1816 2161 ἐπὶ
1850 2096 1948 2178 τῷ
1992 2088 2210 2180 ὅμοίῳ
2255 2093 2422 2160 ποτὲ
2470 2092 2619 2161 δια-

455 2197 826 2284 φθαρῆναι,
866 2218 957 2273 ως
1000 2193 1344 2263 πιστεύειν
1375 2220 1485 2264 οτι
1514 2180 1830 2280 ὅμοιος
1787 2221 1869 2284 ην
1891 2189 2313 2282 Ἀλεξάνδρῳ
2359 2193 2620 2282 ἐκείνῳ,-

453 2303 676 2364 καίτοι
717 2295 794 2364 τὸ
839 2300 973 2363 τῶν
1002 2300 1337 2380 μουσικῶν
1363 2301 1584 2380 τοῦτο,
1632 2298 1737 2376 δὶς
1767 2297 1882 2366 διὰ
1911 2319 2154 2365 πασων
2200 2295 2297 2385 [το
2340 2302 2619 2385 πρᾶγμα

455 2383 588 2486 ἦν]·
634 2394 838 2474 (εἶδον
864 2397 990 2484 γὰρ
1034 2402 1146 2467 καὶ
1174 2399 1294 2487 τὴν
1335 2403 1456 2467 τοῦ
1484 2399 1759 2484 Πύρρου
1791 2399 2056 2483 εἰκόνα),
2101 2402 2215 2468 καὶ
2243 2425 2428 2485 ομως
2460 2399 2618 2467 ἐπέ-

454 2523 697 2567 πειστο
757 2499 1177 2584 ἐκμεμάχθαι
1230 2505 1350 2569 τοῦ
1395 2496 1840 2589 Ἀλεξάνδρου
1893 2500 2016 2591 τὴν
2071 2501 2358 2591 μορφήν.
2460 2495 2611 2568 ἀλλ’

455 2602 643 2670 ενεκα
685 2601 806 2685 μὲν
852 2600 932 2691 δὴ
975 2597 1231 2670 τούτων
1273 2596 1589 2689 υβρισταί
1628 2630 1749 2690 μοι
1792 2603 1860 2682 ἐς
1902 2603 2021 2671 τὸν
2051 2604 2340 2692 Πύρρον,
2385 2597 2498 2673 ότι
2542 2605 2619 2671 σὲ

454 2704 692 2772 εἴκασα
718 2702 888 2771 κατὰ
917 2708 1115 2772 τοῦτο
1147 2699 1350 2792 α’ύτῳ.
1420 2703 1498 2772 τὸ
1548 2705 1621 2773 δὲ
1665 2702 1805 2773 άπὸ
1837 2705 2077 2773 τούτου
2120 2708 2234 2772 καὶ
2277 2709 2457 2776 πάνυ
2503 2731 2616 2777 σοι
2638 2725 2723 2774 117

451 2812 719 2893 πρέπον
776 2796 858 2873 ὃν
916 2807 1049 2895 εἴη·
1110 2806 1262 2874 ἐπεὶ
1316 2807 1444 2894 γὰρ
1510 2801 1686 2875 οῧτω
1744 2808 2026 2875 διέκειτο
2083 2804 2118 2874 o‘
2178 2807 2450 2896 Πύρρος
2505 2814 2617 2879 καὶ

449 2913 661 2976 ταῦτα
704 2905 877 2994 ὑπὲρ
907 2907 1147 2976 ἑαυτοῦ
1175 2908 1568 2994 ἐπέπειστο,
1614 2903 1832 2987 οὐδεὶς
1871 2902 2059 2989 ὅστις
2105 2903 2182 2978 οὖ
2230 2910 2620 2990 ξυνετίθετο

449 3014 562 3079 καὶ
609 3010 1011 3093 ξυνέπασχεν
1059 3005 1257 3098 αὐτῷ,
1303 3007 1458 3096 άχρι
1502 3011 1581 3100 δή
1622 3036 1729 3089 τις
1773 3011 1842 3079 ἐν
1879 3018 2204 3102 Λαρίσσῃ
2251 3017 2621 3100 πρεσβῦτις

453 3112 600 3199 ξένη
650 3105 829 3198 αὐτῷ
874 3106 1171 3200 τάληθὲς
1228 3113 1517 3179 εἰποῦσα
1568 3113 1860 3181 ἐ’παυσεν
1915 3110 2116 3182 αὐτὸν
2158 3119 2279 3202 τῆς
2320 3116 2618 3205 κορύζης.

452 3210 488 3281 ὅ
549 3213 670 3297 μὲν
721 3211 846 3300 γὰρ
890 3205 1162 3300 Πύρρος
1205 3211 1548 3292 ἐπιδείξας
1598 3211 1768 3304 αὐτῇ
1821 3215 2045 3283 εἰκόνα
2095 3219 2455 3286 Φιλίππου
2500 3222 2618 3287 καὶ

448 3316 820 3404 Περδίκκου
884 3316 999 3382 καὶ
1054 3308 1493 3402 Ἀλεξάνδρου
1563 3317 1674 3383 καὶ
1740 3318 2141 3403 Κασάνδρου
2207 3322 2321 3387 καὶ
2392 3315 2622 3390 άλλων

446 3420 781 3503 βασιλέων
835 3413 1034 3504 ἤρετο
1093 3423 1228 3485 τίνι
1284 3409 1521 3501 όμοιος
1565 3417 1699 3506 ειη,
1757 3419 1937 3487 πάνυ
1994 3426 2451 3505 πεπεισμένος
2496 3421 2623 3490 ἐπὶ

447 3520 567 3588 τὸν
615 3514 1058 3607 Ἀλέξανδρον
1112 3512 1295 3603 ηξειν
1347 3514 1585 3610 αύτήν,
1651 3517 1690 3609 ἧ
1761 3521 1835 3591 δὲ
1899 3521 2116 3589 πολὺν
2167 3523 2425 3646 χρόνονς
2461 3523 2623 3591 ἐπι-

354 3664 358 3668 -
449 3625 725 3705 σχοῦσα,
785 3626 1240 3707 Βατραχίωνι,
1300 3620 1463 3711 ε’φη,
1520 3627 1619 3710 τῷ
1660 3630 1986 3712 μαγείρῳ·
2044 3627 2157 3692 καὶ
2214 3623 2340 3712 γὰρ
2383 3609 2467 3714 ἦν
2510 3651 2623 3705 τις

451 3721 520 3791 ἐν
576 3727 660 3812 τῇ
703 3730 1027 3846 Λαρίσση
1074 3730 1469 3811 Βατραχίων
1526 3726 1842 3815 μάγειρος
1895 3730 1991 3814 τῳ
2049 3728 2299 3815 Πύρρῳ
2355 3753 2619 3811 ομοιος.

343 3840 420 3897 22
456 3828 561 3892 22.
612 3826 724 3891 καὶ
778 3824 858 3892 σὺ
918 3824 997 3914 δὴ
1052 3819 1244 3912 ᾧτινι
1302 3826 1423 3910 μὲν
1480 3831 1613 3894 τῶν
1666 3841 1812 3908 τοῖς
1868 3827 2223 3920 ὀρχησταῖς
2279 3829 2625 3897 συνόντων

449 3924 830 3992 κιναίδων’
809 3925 1032 4004 εὀικας
1062 3926 1179 3994 οὐκ
1224 3917 1304 3995 άν
1343 3928 1630 4013 ε’ίποιμι,
1677 3921 1784 3999 ότι
1829 3930 1902 3998 δὲ
1945 3939 2193 4017 μανίαν
2238 3930 2625 4020 ἐρρωμένην

448 4026 550 4095 ἔτι
591 4028 706 4093 καὶ
751 4029 865 4093 νῦν
906 4033 1282 4112 μαίνεσθαι
1312 4023 1602 4108 δοκεῖς”
1558 4055 1815 4101 απασιν
1846 4027 1957 4100 ἐπ’
2009 4033 2222 4124 ἐκείνη
2266 4036 2352 4122 τῇ
2383 4032 2620 4115 εἰκόνι,
