2867 4525
982 263 1287 318 ΡΗΤΟΡΩΝ
1323 264 1744 320 ΔΙΔΑΣΚΑΛΟΣ.
2359 266 2444 325 83

279 432 642 520 λεγόντων·
699 436 810 500 καὶ
855 424 935 523 ἣν
978 439 1100 517 μέν
1141 459 1248 512 τις
1289 436 1508 512 καλῶς
1554 435 1746 523 ε’ίπῃ,
1805 429 2128 520 ἆλλότρια
2170 439 2282 505 καὶ
2328 434 2444 522 οὐχ

278 535 527 602 ἑαυτοῦ
555 533 924 623 [δεικνύειν]
956 537 1233 604 δοκείτω
1252 560 1267 575 ·
1309 527 1391 624 ἢν
1422 537 1497 604 δὲ
1525 545 1815 626 μετρίως
1843 532 2178 627 [ἐνεχθῇ]’,
2220 539 2444 607 πάντα

279 637 460 706 ἔστω
517 636 926 726 ἐπιλήψιμα.
1022 640 1132 705 καὶ
1191 637 1259 706 ἐν
1316 654 1466 718 ταῖς
1530 634 1893 728 ἀκροάσεσι
1955 640 2125 725 μετὰ
2182 640 2446 722 πάντας

278 739 568 807 εἰσιέναι
608 739 726 827 χρή
746 793 764 823 ,
824 739 1158 829 ἐπίσημον
1199 739 1354 827 γάρ·
1412 745 1523 809 καὶ
1585 743 2077 832 σιωπησάντων
2123 740 2444 812 ἁπάντων

280 842 468 920 ξένον
527 840 683 909 τινὰ
738 841 1017 910 ἔπαινον
1075 840 1384 911 ἐπειπεῖν
1437 843 1561 922 τὰς
1628 838 1833 924 ἀκοὰς
1894 848 2029 911 τῶν
2085 842 2444 931 παρόντων

278 942 788 1030 ἐπιστρέψοντα
830 947 943 1012 καὶ
988 944 1457 1030 ἐνοχλήσοντα,
1517 941 1612 1025 ὥς
1655 950 1930 1015 ναυτιᾶν
1977 947 2282 1025 ἅπαντας
2327 946 2445 1014 ἐπὶ

275 1049 378 1133 τῷ
440 1050 737 1134 φορτικῷ
792 1050 928 1113 τῶν
983 1041 1333 1132 ὀνομάτων
1387 1049 1501 1114 καὶ
1553 1046 2105 1137 ἐπιφράττεσθαι
2146 1047 2233 1114 τὰ
2280 1034 2442 1116 ὦτα.

276 1151 398 1216 καὶ
431 1148 776 1237 ἐπισείσῃς
806 1148 880 1215 δὲ
907 1148 997 1238 μὴ
1030 1149 1358 1228 πολλάκις
1386 1149 1509 1238 τὴν
1543 1164 1754 1238 χεῖρα,
1797 1144 2060 1229 εὐτελὲς
2086 1151 2232 1238 γάρ,
2275 1152 2444 1239 μηδὲ

280 1245 598 1340 ἀναστῇς,
646 1248 824 1337 πλὴν
869 1242 1062 1329 ἅπαξ
1098 1277 1254 1341 γεη
1222 1241 1255 1268 '⁸
1300 1253 1405 1331 δὶς
1448 1249 1526 1319 τὸ
1561 1254 1911 1321 πλεῖστον·
1958 1248 2325 1338 ὑπομειδία
2370 1252 2444 1320 δὲ

277 1350 372 1419 τὰ
415 1350 636 1419 πολλὰ
677 1356 791 1420 καὶ
830 1353 1030 1444 δῆλος
1056 1361 1239 1440 γίνου
1270 1353 1358 1443 ur}
1393 1348 1841 1439 ἀρεσκόμενος
1868 1369 2012 1433 τοῖς
2043 1358 2440 1442 λεγομένοις.

280 1449 708 1575 ἀμφιλαφεῖς
753 1457 826 1524 δὲ
877 1484 947 1525 αι
978 1450 1286 1547 άφορμαὶ
1318 1461 1452 1524 τῶν
1485 1462 1809 1542 μέμψεων
1851 1471 1994 1535 τοῖς
2042 1478 2443 1545 συκοφαντο-

277 1571 427 1635 κοῖς
470 1556 554 1624 τὰ
598 1584 759 1625 ωτα.
831 1556 916 1625 τὰ
964 1553 1028 1625 δ’
1083 1554 1252 1625 άλλα
1289 1559 1413 1647 χρὴ
1456 1565 1771 1648 θαρρεῖν·
1815 1555 1856 1647 ἡ
1901 1558 2119 1642 τόλμα
2161 1556 2287 1645 γὰρ
2331 1561 2444 1624 καὶ

280 1655 716 1743 ἀναισχυντία
771 1664 883 1729 καὶ
940 1662 1194 1747 ψεῦδος
1240 1661 1629 1784 πρόχειρον
1640 1663 1752 1728 καὶ
1810 1658 2008 1748 ὅρκος
2052 1654 2163 1727 ἐπ’
2216 1684 2444 1746 ακροις

281 1756 391 1830 αεὶ
437 1776 582 1841 τοῖς
620 1765 872 1845 χείλεσι
914 1767 1028 1830 καὶ
1073 1763 1338 1852 φθόνος
1380 1762 1558 1850 πρὸς
1601 1756 1906 1841 άπαντας
1934 1765 2044 1829 καὶ
2091 1777 2290 1846 μῖσος
2332 1763 2444 1828 καὶ

198 1866 687 1954 Ἃβλασφημία
728 1869 841 1933 καὶ
886 1866 1202 1952 διαβολαὶ
1245 1870 1564 1933 πιθαναί.
1643 1863 1853 1931 ταῦτά
1899 1888 1975 1931 σε
2018 1858 2331 1949 ἀοίδιμον
2376 1861 2445 1930 ἐν

277 1974 521 2055 βραχεῖ
547 1970 658 2034 καὶ
689 1971 1142 2053 περίβλεπτον
1174 1961 1539 2057 αποφανεῖ.
1606 1971 1887 2035 τοιαῦτα
1914 1968 2036 2053 μὲν
2064 1966 2151 2035 τὰ
2184 1991 2443 2055 φανερα

278 2073 397 2138 καὶ
454 2071 539 2136 τὰ
597 2068 745 2148 ε’ξω.
834 2076 937 2138 23.
999 2070 1143 2158 ἰδίᾳ
1199 2071 1272 2137 δὲ
1327 2071 1556 2138 πάντα
1618 2074 1985 2158 πράγματα
2043 2083 2270 2138 ποιεῖν
2327 2091 2439 2136 σοι
2473 2081 2550 2139 28

282 2172 629 2256 δεδόχθω,
699 2171 998 2257 κυβεύειν
1062 2172 1539 2258 μεθύσκεσθαι
1606 2172 1942 2261 λαγνεύειν
2005 2173 2337 2258 μοιχεύειν
2404 2157 2443 2261 ἢ

285 2272 509 2359 αὐχεῖν
551 2300 657 2362 γε,
702 2301 826 2342 καν
883 2273 971 2362 μὴ
1032 2279 1268 2365 ποιῇς,
1323 2280 1435 2345 καὶ
1481 2275 1656 2364 πρὸς
1714 2274 2022 2355 ἅπαντας
2064 2278 2276 2363 λέγειν
2332 2276 2445 2342 καὶ

278 2377 676 2468 γραμμάτια
734 2377 1175 2447 ἐπιδεικνύειν
1231 2374 1366 2444 υπὸ
1427 2382 1753 2465 γυναικῶν
1812 2380 2021 2466 δῆθεν
2076 2383 2443 2467 γραφέντα’

278 2481 490 2558 καλὸς
528 2479 656 2567 γὰρ
702 2477 877 2549 εἶναι
917 2483 1084 2547 θέλε
1124 2482 1236 2547 καὶ
1284 2482 1393 2547 σοὶ
1451 2484 1711 2565 μελέτω
1765 2478 1899 2546 ὑπὸ
1948 2483 2079 2546 τῶν
2122 2486 2446 2566 γυναικῶν

280 2582 802 2664 σπουδάζεσθαι
861 2582 1109 2649 δοκεῖν·
1179 2580 1246 2658 ἐς
1309 2580 1427 2668 τὴν
1487 2581 1835 2672 ῥητορικὴν
1890 2579 2017 2668 γὰρ
2074 2584 2184 2648 καὶ
2244 2584 2443 2647 τοῦτο

285 2680 677 2752 ἀνοίσουσιν
723 2684 788 2751 οἱ
832 2686 1096 2766 πολλοί,
1143 2681 1233 2762 ὡς
1263 2683 1376 2751 διὰ
1408 2685 1607 2752 τοῦτό
1655 2706 1776 2751 σου
1818 2686 1932 2751 καὶ
1978 2678 2130 2770 ἄχρι
2171 2684 2290 2768 τῆς
2331 2705 2447 2766 γυ-

282 2787 750 2865 ναικωνίτιδος
779 2780 1316 2872 εὐδοκιμοῦντος·
1360 2789 1472 2854 καὶ
1502 2785 1578 2853 τὸ
1616 2787 1800 2853 δεῖνα
1837 2785 1928 2866 δέ,
1973 2782 2063 2873 μὴ
2099 2782 2445 2869 αἰδεσθῇς,

283 2915 408 2957 καν
462 2889 637 2975 πρὸς
699 2883 959 2973 ἀνδρων
1014 2887 1133 2957 ἐπὶ
1188 2892 1286 2976 τῷ
1343 2888 1632 2975 ἑταιρεῖν
1687 2887 1984 2974 ἐρᾶσθαι
2041 2887 2268 2971 δοκῇς,
2334 2886 2447 2951 καὶ

283 2995 501 3059 ταῦτα
555 2991 891 3080 γενειήτης
946 2980 990 3079 ἢ
1045 2993 1158 3059 καὶ
1203 2990 1280 3078 νὴ
1324 2995 1466 3059 Δία
1524 2987 1868 3079 φαλακρὸς
1918 2983 2042 3078 η’δη
2089 2983 2201 3055 ὦν.
2291 2979 2439 3054 ἀλλ’

285 3094 589 3162 ε’στωσαν
634 3090 744 3182 [οἱ]
788 3098 899 3161 καὶ
947 3093 1061 3161 ἐπὶ
1107 3093 1322 3181 τούτῳ
1368 3087 1711 3172 συνόντες·
1770 3082 1849 3179 ἢν
1896 3091 1967 3158 δὲ
2010 3089 2101 3181 μὴ
2148 3113 2332 3172 ωσιν,
2381 3089 2448 3156 οἱ

286 3195 542 3265 οἰκέται
584 3196 820 3263 ἱκανοί.
892 3195 1116 3262 πολλὰ
1158 3196 1284 3284 γὰρ
1327 3199 1442 3263 καὶ
1484 3195 1556 3263 ἐκ
1594 3222 1712 3263 του
1756 3193 2065 3264 τοιούτου
2111 3191 2286 3279 πρὸς
2327 3190 2448 3278 τὴν

284 3297 636 3389 ῥητορικὴν
662 3297 956 3385 χρήσιμα
986 3304 1462 3385 παραγίνεται·
1507 3300 1763 3365 πλείων
1799 3293 1839 3383 ἡ
1876 3290 2306 3378 ἀναισχυντία
2335 3296 2445 3360 καὶ

288 3402 571 3486 θράσος.
646 3396 811 3489 ὁρᾷς
840 3396 933 3478 ὥς
961 3402 1351 3484 λαλίστεραι
1396 3400 1470 3466 αἱ
1503 3414 1801 3486 γυναῖκες
1843 3400 1955 3465 καὶ
1988 3397 2449 3481 λοιδοροῦνται

288 3506 621 3592 περιττῶς
663 3505 775 3570 καὶ
819 3498 991 3588 ὑπὲρ
1021 3499 1178 3579 τοὺς
1223 3496 1505 3587 ἅνδραςς
1548 3501 1609 3568 εἰ
1641 3500 1719 3592 δὴ
1767 3499 1851 3567 τὰ
1895 3494 2101 3584 ὅμοια
2145 3496 2445 3579 πάσχεις,

288 3607 570 3685 διοίσεις
614 3609 746 3672 τῶν
777 3599 1016 3672 ἄλλων.
1087 3605 1200 3669 καὶ
1228 3601 1359 3689 μὴν
1392 3606 1507 3671 καὶ
1538 3606 1959 3672 πιττοῦσθαι
1986 3600 2107 3690 χρὴ
2151 3599 2448 3684 μάλιστα
2529 3611 2535 3618 ’

206 3710 414 3793 25μὲν
457 3709 543 3774 τὰ
572 3707 818 3790 πάντα,
866 3707 927 3774 εἰ
970 3705 1044 3773 δὲ
1070 3705 1184 3792 μή,
1229 3703 1503 3782 πάντως
1539 3704 1779 3774 ἐκεῖνα.
1851 3707 1963 3771 καὶ
2005 3697 2170 3771 αὐτὸ
2218 3703 2293 3769 δέ
2336 3724 2450 3771 σοι

280 3809 360 3877 τὸ
412 3808 631 3895 στόμα
674 3808 849 3896 πρὸς
896 3806 1203 3887 ἅπαντας
1247 3803 1502 3890 ὁμοίως
1544 3812 1894 3895 κεχηνέτω,
1948 3808 2060 3873 καὶ
2102 3801 2145 3895 ἡ
2187 3806 2449 3892 γλῶττα

281 3909 701 4003 ὑπηρετείτω
730 3914 841 3979 καὶ
873 3909 1048 3998 πρὸς
1077 3908 1234 3990 τοὺς
1278 3911 1514 3996 λόγους
1541 3912 1654 3976 καὶ
1685 3907 1859 3993 πρὸς
1886 3906 1970 3973 τὰ
2004 3904 2175 3975 ἄλλα
2219 3902 2449 3976 ὅπόσα

284 4005 370 4085 ὃν
414 4013 720 4102 δύνηται·
781 4013 1060 4081 δύναται
1106 4013 1179 4082 δὲ
1225 4005 1301 4080 οὗ
1348 4011 1742 4091 σολοικίζειν
1787 4009 1993 4094 μόνον
2035 4013 2151 4145 καὶ
2191 4014 2450 4095 βαρβα-

2063 4114 2093 4163 6
