2867 4525
993 286 1252 340 LUCIANI
1288 285 1792 340 PmLopsssunsss.
2351 285 2475 344 285

523 480 630 522 nes
672 461 857 522 feeise
900 465 1116 538 potest.
1189 462 1373 522 Immo
1417 480 1564 522 vero
1609 460 1886 536 quamdiu
1926 464 2085 540 quod
2115 484 2220 525 aes
2248 469 2339 526 est
2368 467 2479 525 erit

526 583 630 625 aee
658 563 880 624 tamdiu
907 564 1247 624 Demetrius
1277 563 1491 624 artifex
1519 568 1748 624 statuae
1777 583 1896 625 non
1917 565 2065 627 deus
2087 567 2196 627 sed
2216 568 2478 628 misellus

522 668 702 728 homo
732 666 1029 743 putandus
1052 670 1143 726 est
1164 684 1276 726 nee
1297 683 1556 742 unquam
1580 685 1694 745 ego
1718 672 1969 728 statuam
1991 669 2219 729 Peliehi
2235 669 2476 729 timebo.

524 771 697 830 Hane
740 771 1091 830 sententiam
1132 773 1198 828 ut
1226 766 1572 848 efficiamus,
1615 770 1916 831 levissima
1953 776 2288 832 correctura
2314 771 2478 831 vide-

523 876 618 932 tm·
648 875 735 932 sie
764 870 1160 950 scribendum,
1202 875 1268 931 ut
1308 888 1492 947 supra
1530 872 1736 947 posui:
1782 869 1867 935 ου’
1894 869 2047 949 θεὸς
2088 868 2327 949 ποιός
2365 897 2481 949 τις

526 971 648 1037 α’λλ
668 972 683 993 ’
727 970 1193 1054 ἀνθρωπίσκος
1244 974 1344 1032 vel
1388 969 1865 1054 ἀνθρώπιον
1909 966 2038 1053 ὧν,
2094 974 2255 1051 quod
2297 994 2476 1035 voea-

524 1075 726 1136 bulum
756 1079 849 1136 eet
873 1077 937 1135 in
964 1076 1215 1152 Nigrino
1244 1092 1299 1134 e.
1338 1078 1438 1137 13.
1481 1088 1622 1150 τοῖς
1650 1078 1689 1138 δ
1705 1072 1722 1095 '
1751 1066 1877 1157 ἄρα
1905 1080 2244 1156 δυστυχεῖν
2274 1073 2478 1141 ἐδόκει

525 1174 601 1242 τὸ
644 1172 1052 1258 ἀνθρώπιον.

309 1301 367 1344 e.
392 1285 495 1343 21.
525 1275 1043 1361 ὑπερβαλώμεθα
1074 1275 1098 1360 fl
1131 1323 1146 1337 .
1190 1285 1271 1341 λλ
1310 1273 1437 1340 021
1481 1313 1566 1323 —
1606 1275 1771 1342 κατὰ
1814 1275 1905 1342 τὸ
1947 1281 2096 1356 ἔτος
2141 1275 2418 1344 ἕκαστον
2458 1276 2478 1361 ΙΙ

527 1402 655 1442 om.
711 1377 797 1444 τὸ
841 1376 981 1446 QZ.
1073 1382 1353 1442 Fortasse
1409 1383 1586 1440 etiam
1638 1380 1909 1444 ἕκαστον
1954 1382 2475 1461 exterminandum,

529 1488 594 1545 ut
621 1480 786 1548 κατὰ
813 1480 890 1547 τὸ
923 1480 1070 1560 ἔτος
1100 1486 1175 1545 sit
1202 1486 1511 1563 quotannis
1537 1492 1603 1544 ut
1645 1489 1777 1546 καθ
1796 1480 1812 1503 ’
1854 1480 2096 1565 ἡμέραν
2140 1484 2357 1548 cotidie.
2390 1519 2478 1530 —

529 1584 691 1666 α’μφὶ
746 1583 1070 1667 τρυγητὸν
1125 1582 1228 1649 τὸ
1273 1580 1497 1662 ἔτος
1541 1581 1565 1666 fl
1606 1592 1731 1648 τοῦ
1776 1581 2060 1663 ἔτους
2101 1580 2349 1647 ΩἯΓΦ
2390 1619 2476 1631 -

307 1708 368 1750 e.
395 1693 497 1749 22.
527 1685 643 1765 τὰς
699 1689 802 1752 ἐπὶ
858 1695 984 1751 τοῦ
1034 1683 1284 1768 πήχεως
1332 1693 1553 1768 τρίχας
1610 1695 1858 1751 πᾶσιν
1915 1682 2122 1769 ὀρθάς
2175 1684 2310 1751 ὑπὸ
2351 1694 2474 1752 τοῦ

529 1787 763 1869 φόβου.
864 1792 960 1851 Sie
1011 1790 1247 1851 eodieee
1306 1794 1365 1850 et
1422 1790 1710 1851 editiones
1765 1789 1893 1851 fere
1951 1808 2172 1851 omnes,
2258 1791 2474 1867 Neque

528 1893 982 1972 praeferendum
1012 1897 1120 1972 eet,
1166 1893 1323 1968 quod
1350 1895 1659 1970 proposuit
1685 1892 1938 1954 Solanus
1966 1888 2066 1957 πά
2080 1912 2227 1970 σας.
2305 1893 2478 1965 Quod

529 1999 582 2057 si
611 1996 688 2056 ad
716 1996 985 2074 singulos
1011 1996 1373 2073 singulorum
1402 1996 1596 2055 crines
1622 1994 1874 2056 refertur
1896 2014 2016 2056 non
2035 2000 2155 2056 tam
2175 1995 2475 2057 horridum

532 2117 710 2176 quam
750 2098 1062 2159 ridiculum
1106 2100 1266 2158 esset
1308 2098 1730 2173 spectaculum.
1817 2099 2026 2158 Mirum
2056 2103 2270 2178 autem,
2315 2097 2475 2175 quod

533 2204 785 2280 optimus
814 2200 956 2264 eod.
981 2199 1033 2263 Z
1070 2201 1231 2260 solus
1259 2217 1368 2278 pro
1399 2206 1596 2264 πᾶσιν
1624 2200 1872 2278 praebet
1902 2200 2145 2282 δῆθεν
2180 2207 2341 2282 „est
2367 2204 2476 2261 ita

534 2302 846 2381 profeet0“
891 2322 1046 2380 quae
1090 2305 1265 2364 lectio
1309 2304 1535 2363 ironica
1576 2305 1638 2363 vi
1679 2304 1965 2383 praedita,
2009 2305 2151 2365 lieet
2192 2307 2270 2366 sit
2294 2307 2473 2366 inter·

534 2408 758 2484 polatio
804 2407 1026 2468 codicis
1059 2406 1354 2483 habenda,
1397 2424 1520 2466 non
1548 2410 1745 2485 potest
1773 2411 1970 2468 tamen
2010 2407 2150 2468 huie
2191 2409 2324 2468 loeo
2354 2426 2475 2468 non

536 2527 667 2570 esse
712 2511 1016 2586 aptissima
1051 2508 1217 2570 det.
1379 2492 1386 2496 ’

309 2632 372 2673 e.
400 2616 504 2673 23.
533 2608 669 2675 ὑπὸ
713 2619 984 2675 πολλῶν
1016 2607 1040 2693 ΙΙ
1067 2603 1203 2675 ὖπὸ
1244 2618 1401 2674 τῶν
1446 2616 1717 2675 πολλῶν
1761 2609 1813 2672 Ξ

307 2732 373 2773 -ο,
402 2718 505 2774 24.
538 2709 1044 2792 ἀντιλεγέτωσαν
1088 2707 1181 2777 οὖ
1197 2735 1233 2777 ν
1280 2709 1304 2795 ΙΙ
1349 2720 1475 2776 νῦν
1521 2710 1665 2773 Cob.
1711 2746 1797 2756 —
1839 2710 2014 2774 εἶδον
2059 2708 2415 2793 ἀκριβῶς
2455 2708 2475 2794 ΙΙ

539 2817 617 2878 ἱκ
633 2822 797 2878 ανῶ
813 2838 846 2891 ς
889 2814 941 2877 ἦ

309 2936 376 2977 ιο.
402 2921 506 2978 25.
537 2912 892 2993 καύσωνος
923 2912 947 2998 ΙΙ
978 2912 1304 2981 καύσων
1342 2915 1395 2979 ἳῑ

323 3038 377 3079 o.
403 3023 507 3080 26.
537 3042 693 3095 μετα
738 3023 970 3083 είκοστ.
1010 3016 1255 3100 ἡμέραν
1282 3016 1336 3101 ἢ
1382 3012 1421 3099 ᾗ
1466 3013 1706 3099 ἐτάφη
1754 3013 1778 3098 ss
1821 3007 1861 3098 ᾖ
1905 3013 2140 3098 ἐτάφη,
2196 3036 2311 3079 om.
2355 3013 2479 3098 5221

322 3137 379 3178 e.
405 3122 508 3178 27.
542 3121 918 3182 σανδαλίοιν
950 3112 974 3198 Ι
1006 3121 1374 3181 σανδαλίων
1417 3118 1562 3178 Cob.

324 3240 378 3281 e.
406 3225 510 3285 29.
542 3229 965 3303 φιλοσοφεῖτε
995 3216 1021 3302 fl
1052 3212 1500 3299 ἐφιλοσοφεῖτε
1528 3214 1706 3283 ΩἳῐΓ
1708 3215 1781 3279 Φ
1825 3256 1907 3266 -
1950 3215 2435 3301 διατεθήσεσθαι
2465 3214 2484 3301 ΙΙ

540 3327 940 3389 διατίθεσθαι
985 3322 1038 3386 ἳῑ

307 3444 378 3486 e.
404 3430 504 3487 30.
537 3423 628 3503 ὡς
670 3430 870 3489 εἰπεῖν
901 3423 926 3505 ss
955 3427 1191 3502 plenius
1235 3417 1326 3501 ώς
1369 3421 1527 3501 ἔπος
1571 3427 1789 3487 εἰπεῖν.

307 3547 379 3589 e.
407 3532 511 3589 31.
544 3529 672 3591 ἐπί
698 3552 847 3592 τινα
876 3535 1012 3592 τῶν
1044 3535 1314 3593 πολλῶν
1344 3524 1521 3609 ἥκειν
1542 3527 1830 3607 νομίζων
1862 3521 1886 3607 Ι
1918 3527 2036 3588 ἔτι
2066 3523 2240 3602 (uod)
2271 3521 2484 3602 einer)

538 3630 706 3692 det.
750 3665 836 3675 —-
878 3627 979 3707 ὡς
1023 3628 1133 3693 ἐπ’
1177 3627 1448 3712 ὀργυιὰν
1480 3628 1504 3710 ΙΙ
1536 3625 1733 3693 ὅσον
1775 3622 2023 3690 amq>
2066 3662 2149 3671 —
2190 3622 2362 3702 μόνα
2403 3623 2485 3690 τὰ

542 3729 703 3795 ὀστᾶ
753 3728 917 3796 κατὰ
963 3740 1165 3814 σχῆμα
1209 3738 1621 3812 συγκείμενος
1661 3727 1680 3809 fl
1722 3727 1885 3794 κατὰ
1927 3726 2012 3794 τὸ
2058 3736 2262 3810 σχῆμα
2304 3743 2479 3807 συγκ.

544 3834 621 3894 ad
674 3852 840 3895 suam
897 3829 1024 3914 (τὸ)
1079 3833 1407 3896 naturalem
1453 3836 1710 3913 corporis
1751 3832 1996 3894 humani
2034 3831 2292 3908 sormam
2335 3847 2484 3891 com·

534 3939 780 4014 positus.

310 4055 382 4096 »0.
410 4038 510 4097 32.
544 4031 783 4101 ἅπασιν
839 4040 1160 4114 αἰδέσιμος
1205 4035 1224 4119 ΙΙ
1272 4034 1381 4101 ἆπ.
1439 4038 1877 4113 θεσπέσιος
1934 4034 2145 4099 εἶναι
2198 4038 2483 4099 δοκῶν.
