2867 4525
1158 289 1500 343 ΔΙΟΝΥΣΟΣ.
2287 292 2408 351 109

239 457 317 526 τὸ
370 457 497 545 γὰρ
543 457 612 525 ἐν
655 468 800 535 τοῖς
841 471 1093 537 κοινοῖς
1119 458 1317 527 καινὰ
1351 459 1711 547 ἐπινοῆσαι
1751 451 2034 538 κάλλους
2065 459 2407 547 δείγματα,

243 557 325 627 οὗ
370 568 610 647 μικρᾶς
654 565 906 647 σοφίας
952 558 1156 647 ἔγωγε
1198 567 1501 647 τίθεμαι,
1553 561 1698 629 οἷον
1741 563 1853 628 καὶ
1895 554 2052 628 τόδε
2093 559 2169 629 τὸ
2219 561 2407 648 ἔργον

238 659 279 728 ὃ
328 661 717 746 θαυμάσιος
759 658 920 752 ἡμῖν
941 657 1217 741 Ἱππίας
1260 662 1652 743 ἐπεδείξατο
1683 662 1913 741 πάσας
1956 662 2106 746 ἔχον
2134 663 2254 742 τὰς
2282 670 2408 749 βα-

241 765 512 830 λανείου
559 757 832 850 ἀρετάς,
893 762 968 832 τὸ
1010 764 1372 852 χρήσιμον,
1433 765 1510 834 τὸ
1560 759 1898 851 εὔκαιρον,
1952 763 2029 832 τὸ
2080 758 2408 855 εὐφεγγές,

239 863 317 932 τὸ
378 865 791 951 σύμμετρον,
847 864 926 935 τὸ
983 869 1083 953 τῷ
1137 866 1333 955 τόπῳ
1390 863 1806 956 ἡρμοσμένον
1819 921 1838 951 ,
1892 866 1969 935 τὸ
2016 865 2137 957 τὴν
2178 873 2408 950 χρείαν

239 962 520 1055 ι’σφαλῆ
565 968 1053 1055 παρεχόμενον,
1110 971 1224 1036 καὶ
1269 975 1554 1056 προσέτι
1604 974 1690 1059 τῇ
1734 966 1899 1059 ἄλλῃ
1944 975 2262 1057 περινοίᾳ
2303 994 2408 1036 κε-

159 1085 224 1137 74
243 1073 697 1157 κοσμημένον,
754 1068 1032 1158 ἀφόδων
1074 1070 1197 1154 μὲν
1250 1064 1626 1158 ἀναγκαίων
1679 1073 1869 1140 δυσὶν
1913 1066 2410 1161 ἀναχωρήσεσιν

238 1169 503 1249 ἐξόδοις
543 1196 620 1238 τε
662 1174 953 1251 πολλαῖς
994 1178 1495 1258 τεθυρωμένον,
1553 1169 1739 1258 ὡρῶν
1799 1174 1872 1242 δὲ
1917 1174 2149 1251 διττὰς
2193 1173 2409 1253 δηλώ-

236 1293 400 1356 σεις,
445 1272 566 1363 τὴν
608 1273 730 1357 μὲν
775 1267 865 1341 δι’
915 1267 1159 1354 ῧδατος
1186 1277 1298 1343 καὶ
1339 1268 1744 1362 μυκήματος,
1790 1275 1910 1364 τὴν
1956 1277 2029 1344 δὲ
2074 1270 2165 1344 δι’
2216 1272 2406 1364 ἡλίου

239 1374 803 1460 ἐπιδεικνύμενον.
868 1380 1081 1443 ταῦτα
1112 1375 1345 1445 ἰδόντα
1371 1375 1463 1466 μὴ
1499 1370 1877 1446 ἀποδοῦναι
1908 1376 2026 1447 τὸν
2055 1381 2408 1461 πρέποντα

241 1476 524 1544 ἔπαινον
567 1481 666 1563 τῷ
698 1477 867 1564 ἔργῳ
914 1472 1030 1545 οὐκ
1060 1477 1344 1569 ἀνοήτου
1379 1478 1607 1564 μόνον,
1655 1474 1825 1547 ἀλλὰ
1867 1481 1979 1546 καὶ
2025 1473 2405 1563 ἀχαρίστου,

239 1580 501 1662 μᾶλλον
545 1579 619 1645 δὲ
674 1579 1010 1665 βασκάνου
1068 1606 1187 1665 μοι
1245 1578 1420 1648 εἶναι
1465 1580 1709 1659 ἔδοξεν.
1801 1579 1925 1666 ἐγώ
1983 1582 2105 1665 μὲν
2164 1566 2280 1645 οὖν
2340 1578 2408 1657 ἐς

238 1680 526 1765 δύναμιν
580 1683 691 1748 καὶ
750 1680 830 1749 τὸ
891 1682 1080 1770 ἔργον
1138 1686 1252 1750 καὶ
1305 1682 1426 1748 τὸν
1481 1688 1777 1769 τεχνίτην
1834 1685 1949 1750 καὶ
2006 1680 2406 1769 δημιουργὸν

239 1777 641 1871 ἠμειψάμην
667 1786 766 1870 τῷ
796 1782 990 1871 λόγῳ.
1065 1783 1127 1851 εἰ
1172 1784 1245 1851 δὲ
1275 1783 1444 1862 θεὸς
1479 1783 1821 1869 παράσχοι
1863 1787 1976 1852 καὶ
2021 1785 2407 1851 λούσασθαί

240 1909 446 1967 ποτε,
512 1884 808 1964 πολλοὺς
865 1882 1020 1953 οἶδα
1077 1886 1242 1965 ἕξων
1298 1883 1456 1964 τοὺς
1508 1885 2034 1973 κοινωνήσοντάς
2095 1912 2216 1971 μοι
2271 1889 2405 1953 τιῦν

241 1985 562 2054 ἐπαίνων.

662 2257 1266 2342 ΠΡΟΛΑΛΙΑ
1311 2260 1382 2342 Ο
1427 2258 1993 2347 ΔΙΟΝῩΣΟΣ.

417 2403 472 2463 1.
507 2394 659 2463 Ὅτε
715 2389 753 2462 ὅ
804 2397 1141 2475 Διόνυσος
1199 2394 1313 2465 ἐπ’
1371 2392 1615 2476 Ἰνδοὺς
1673 2397 1994 2484 στρατιὰν
2049 2391 2259 2484 ἤλασε
2320 2433 2400 2444 -
2438 2414 2471 2467 1

163 2518 225 2567 75
245 2496 487 2564 κωλύει
539 2495 664 2584 γὰρ
723 2491 946 2581 οὐδέν,
1006 2495 1198 2584 οἶμαι
1211 2551 1229 2581 ,
1287 2502 1399 2567 καὶ
1457 2502 1681 2584 μῦθον
1735 2495 1891 2583 ύμῖν
1945 2498 2401 2588 διηγήσασθαι

237 2598 569 2682 Βακχικόν
616 2635 692 2647 --·
742 2602 953 2687 φασὶν
1010 2595 1183 2668 οῧτω
1227 2604 1736 2691 καταφρονῆσαι
1792 2598 1995 2667 αὐτοῦ
2035 2597 2120 2665 τὰ
2165 2606 2403 2686 πρῶτα

237 2699 400 2779 τούς
466 2694 873 2786 ἀνθρώπους
932 2702 1089 2782 τούς
1157 2702 1319 2784 ἐκεῖ,
1395 2695 1570 2768 ὥστε
1633 2702 1999 2788 καταγελᾶν
2065 2695 2401 2778 ἐπιόντος,
2524 2729 2531 2735 ·

241 2804 496 2888 μᾶλλον
554 2803 628 2870 δὲ
685 2802 892 2872 ἐλεεῖν
945 2808 1067 2893 τὴν
1122 2804 1377 2889 τόλμαν
1430 2797 1669 2870 αὐτίκα
1710 2802 1893 2887 μάλα
1950 2805 2403 2888 συμπατηθη·

245 2910 526 2990 σομένου
570 2900 705 2973 ὖπὸ
753 2909 885 2973 τῶν
929 2906 1331 2996 ἐλεφάντων,
1378 2904 1439 2972 εἰ
1474 2900 1927 2982 ἀντιτάξοιτο·
1975 2897 2213 2988 ἤκουον
2255 2901 2401 2988 γάρ,

244 3004 464 3091 οἶμαι,
520 3009 651 3075 τῶν
709 3011 981 3075 σκοπῶν
1036 3003 1367 3076 ἀλλόκοτα
1416 3003 1591 3093 ὖπὲρ
1648 3009 1765 3090 τῆς
1823 3009 2143 3093 στρατιᾶς
2201 3000 2403 3071 αὐτοῦ

245 3104 713 3196 ἀγγελλόντων,
759 3104 854 3187 ὥς
894 3105 935 3197 ἡ
967 3110 1088 3193 μὲν
1121 3110 1391 3200 φάλαγξ
1427 3103 1609 3196 αὐτῷ
1637 3111 1750 3175 καὶ
1781 3109 1848 3175 οἱ
1880 3106 2066 3192 λόχοι
2106 3121 2405 3194 γυναῖκες

245 3206 379 3277 εἶεν
423 3209 737 3299 ἔκφρονες
777 3212 889 3278 καὶ
934 3225 1327 3299 μεμηνυῖαι,
1371 3214 1575 3297 κιττῷ
1622 3210 2018 3295 ἐστεμμέναι
2029 3263 2047 3293 ,
2095 3211 2404 3298 νεβρίδας

246 3310 631 3400 ἐνημμέναι,
679 3311 958 3398 δοράτια
1002 3314 1207 3400 μικρὰ
1253 3314 1553 3396 ἔχουσαι,
1602 3306 1921 3400 ἀσίδηρα,
1966 3318 2406 3397 κιττοποίητα

248 3411 385 3500 [καὶ
428 3412 684 3502 ταῦτα],
728 3420 843 3481 καί
884 3441 1037 3483 τινα
1082 3415 1415 3500 πελτάρια
1460 3417 1698 3502 κοῦφα,
1742 3418 2150 3500 βομβοῦντα,
2199 3413 2266 3480 εἴ
2304 3438 2407 3490 τις

245 3514 449 3598 μόνον
494 3508 938 3602 προσάψαιτο
970 3555 1052 3567 -
1085 3514 1334 3584 ἀσπίσι
1359 3515 1486 3603 γὰρ
1519 3515 1778 3597 εἴκαζον
1808 3519 1920 3584 καὶ
1963 3515 2048 3581 τὰ
2090 3513 2408 3598 τύμπανα

249 3653 329 3666 --
372 3610 638 3704 ὀλίγους
669 3618 744 3685 δέ
784 3643 971 3697 τινας
1008 3613 1359 3706 ἀγροίκους
1404 3627 1787 3695 νεανίσκους
1818 3616 2062 3685 ἐνεῖναι
2104 3615 2405 3701 γυμνούς,

245 3717 537 3804 κόρδακα
590 3716 1028 3805 ὀρχουμένους
1040 3773 1059 3803 ,
1120 3715 1324 3807 οὐρὰς
1366 3719 1655 3803 ἔχοντας,
1700 3717 2053 3805 κεράστας,
2105 3716 2220 3784 οἷα
2265 3731 2409 3796 τοῖς

250 3815 401 3906 ἄρτι
443 3826 865 3910 γεννηθεῖσιν
897 3821 1162 3911 ἐρίφοις
1196 3818 1603 3909 ὑποφύεται.
1680 3825 1739 3886 2.
1769 3821 1882 3886 καὶ
1905 3818 2023 3887 τὸν
2051 3818 2173 3904 μὲν
2204 3842 2402 3906 στρα-
2438 3834 2475 3890 2

176 3934 235 3984 76
252 3917 541 4011 τηλάτην
604 3919 806 3992 αὐτὸν
862 3917 975 4014 ἐφ’
1051 3922 1348 4012 ἅρματος
1403 3916 1723 4006 ὀχεῖσθαι
1783 3920 2183 4013 παρδάλεων
2241 3917 2408 3987 ὓπε-

253 4023 634 4110 ζευγμένων,
683 4022 977 4113 ἀγένειον
1010 4020 1317 4114 ἀκριβῶς,
1364 4017 1513 4093 οὐδ’
1566 4018 1676 4091 ἐπ’
1719 4017 1944 4111 ὀλίγον
1971 4024 2090 4113 τὴν
2120 4020 2409 4105 παρειὰν
