2867 4525
941 314 1235 381 [Lucum]
1276 315 1353 367 os
1391 315 1741 377 PARAsxro.
2287 318 2410 377 273

478 490 756 565 quoniam
781 507 818 549 a
837 506 902 549 re
924 491 1231 566 proposita
1253 490 1446 550 aliena
1470 495 1605 553 sunt
1618 491 1762 554 Cob.
1777 487 2076 568 -εύθύς
2098 498 2177 572 τῇ
2199 516 2433 572 καταγ-

479 596 657 672 γελίᾳ
702 596 826 654 τοῦ
890 595 1295 656 Φιλίππου
1352 595 1644 669 πολέμου
1677 588 1701 675 fl
1733 612 1844 656 om.
1896 599 2221 658 Φιλίππου
2265 592 2432 660 det.

481 690 519 755 ὃ
564 694 629 756 δὲ
674 688 747 773 δὴ
794 689 1315 773 κορυφαιότατος
1349 691 1372 776 fl
1403 695 1557 755 Vide
1596 694 1674 755 ad
1718 714 1769 756 c.
1806 700 1904 757 39.
1948 730 2036 740 —
2080 692 2430 776 διήκουσας

478 792 495 875 ΙΙ
539 785 823 875 ἤκουσας
866 788 934 853 Ω

258 915 313 956 c.
342 901 445 957 43.
477 894 821 978 ἠσκημένοι
854 891 877 978 ΙΙ
908 892 1254 976 ἠσκηκότες
1284 891 1493 960 ΑΩΨ
1519 931 1607 942 —-
1635 894 1673 980 ἢ
1716 898 1889 979 εἴπερ
1921 894 2426 981 ἐστρατεύσαντο

478 993 715 1074 πάντες
762 993 1008 1077 ἔφυγον
1042 994 1134 1080 1Ιῆ
1180 999 1354 1080 εἴπερ
1400 990 1526 1080 ἄρα
1570 994 1806 1078 πάντες
1852 1002 2100 1080 ἔφυγον
2145 1000 2290 1062 Oob.

257 1118 313 1159 c.
342 1104 445 1159 44.
478 1097 686 1177 ου’δεὶς
732 1096 806 1177 ὃς
839 1096 863 1182 ΙΙ
894 1098 1034 1165 οὐδ.
1080 1095 1258 1177 ὅστις
1301 1094 1451 1160 ΩΨ
1494 1134 1580 1144 -
1621 1097 1699 1165 τὸ
1744 1107 1926 1178 σῶμα
1970 1098 2427 1181 γενναιότατος

473 1206 604 1265 καὶ
663 1199 1191 1279 δικαιότατος
1235 1199 1258 1282 ΙΙ
1304 1202 1449 1264 Cob.
1509 1205 1795 1281 expungit
1846 1208 1954 1267 καὶ
1999 1202 2422 1283 δικαιότατος.

472 1305 752 1365 Fortasse
797 1324 872 1365 ex
903 1305 1196 1382 prioribus
1224 1303 1647 1366 restituendum
1677 1308 1767 1366 est
1794 1311 1917 1368 καὶ
1947 1302 2078 1387 τὴν
2114 1303 2423 1390 γνώμην

475 1406 595 1483 (vel
640 1400 761 1488 τὴν
802 1403 1041 1488 ψυχὴν)
1086 1403 1492 1484 δικαιότατος
1537 1406 1701 1468 det.

256 1526 309 1568 c.
337 1512 440 1569 45.
472 1514 568 1594 τῷ
614 1505 1022 1588 Ἀγαμέμνονι
1067 1512 1408 1589 παρασίτοι
1455 1504 1478 1589 ΙΙ
1521 1515 1643 1571 τοῦ
1688 1506 2260 1587 Ἀγαμέμνονος
2304 1534 2421 1575 πα-

471 1627 612 1691 ρασ.
645 1605 724 1670 Ψ
756 1644 831 1657 ·-·
867 1608 950 1676 οἱ
976 1615 1159 1676 τοσὶ
1191 1613 1310 1687 μὲν
1339 1619 1637 1690 γενναῖος
1667 1605 1705 1673 ὃ
1737 1604 2091 1691 παράσιτος
2122 1608 2146 1690 ΙΙ
2177 1605 2269 1675 οὗ
2287 1637 2420 1688 τος

474 1730 585 1782 „nc
609 1710 901 1774 Lucienus
921 1713 1143 1792 quidem
1167 1709 1393 1777 οὑτοσὶ
1423 1712 1491 1773 dc
1517 1711 1746 1774 absente
1774 1712 1956 1773 dicere
1980 1716 2210 1791 potnic“
2233 1713 2419 1775 Cobet

469 1833 592 1879 om.
644 1805 687 1876 ὃ
730 1809 809 1874 Ψ

250 1935 304 1976 c.
332 1920 434 1975 47.
468 1913 557 1992 ὡς
588 1912 1198 1998 ἐτράφημενΙὼς
1229 1917 1582 1997 ἐτράφην
1614 1939 1757 1996 περ
1789 1913 1934 1977 Oob.
1969 1934 2022 1976 c.
2051 1921 2151 1977 49.
2184 1915 2267 1982 ου’
2296 1916 2417 1999 γὰρ

470 2016 590 2082 α’λλ
610 2016 625 2039 '
683 2014 763 2082 ὃν
823 2019 891 2081 ἐν
950 2019 1211 2103 πολέμῳ
1254 2015 1570 2098 μάχεσθαί
1613 2034 1809 2099 φησιν
1853 2014 2154 2098 ἑστιάσει,
2214 2024 2271 2083 εἰ
2310 2027 2416 2083 καὶ

469 2117 665 2197 εὐθὺς
710 2115 841 2198 ἅμα
886 2116 974 2206 ἕῳ
1017 2117 1329 2199 μάχεσθαι
1373 2122 1507 2185 δέοι
1539 2118 1562 2200 'd
1595 2119 1690 2200 (†)
1734 2112 1941 2184 ἄλλον
1983 2140 2092 2198 pro
2138 2119 2290 2186 ἄλλ’
2335 2119 2414 2186 ὃν

466 2217 619 2288 ΩΦ.
697 2224 951 2301 Reliqua
979 2225 1174 2285 omnia
1201 2225 1326 2285 sine
1355 2222 1590 2286 medela
1615 2225 1826 2289 iacent.
1859 2256 1947 2268 -
1976 2223 2046 2288 ἐν
2076 2247 2169 2306 πρ
2186 2218 2416 2303 ω’τοις

467 2322 488 2407 fl
530 2326 599 2390 ἐν
642 2340 819 2403 τοῖς
863 2350 967 2407 πρ.
1019 2328 1230 2391 Bieler.

246 2445 296 2492 c.
328 2430 431 2487 50.
464 2423 680 2509 ὥσπερ
746 2428 816 2492 έν
885 2433 1224 2513 συμποσίῳ
1291 2434 1475 2512 καλῷ
1540 2451 1579 2491 κ
1608 2451 1648 2491 α
1675 2435 1713 2491 λ
1740 2434 1796 2491 ὤ
1822 2452 1854 2505 ς
1908 2432 2343 2516 κατακειμένῳ
2397 2427 2415 2511 Η

463 2523 724 2613 [καλῶς]
756 2524 905 2589 ΩΨ
938 2563 1018 2575 —-
1049 2527 1194 2609 ου’χὶ
1239 2533 1351 2607 εἰς
1398 2525 1764 2606 συμπόσιον
1796 2526 1819 2609 ΙΙ
1853 2549 1978 2590 om.
2026 2534 2137 2607 εἰς
2165 2525 2235 2590 Ω
2267 2532 2413 2593 Oob.

243 2650 295 2691 c.
323 2635 424 2691 51.
459 2628 623 2695 α’λλὰ
679 2628 826 2696 κᾶν
878 2629 986 2695 ἐπ’
1035 2627 1240 2695 αὐτὸν
1284 2628 1322 2695 ὃ
1370 2639 1485 2708 σῦς
1536 2628 1655 2696 τὸν
1712 2627 1949 2695 ὀδόντα
2001 2627 2166 2712 θήγῃ
2212 2630 2235 2713 ΙΙ
2282 2639 2412 2696 καὶ

461 2729 542 2797 ἂν
584 2732 745 2799 det.
797 2733 888 2795 Of.
936 2733 1013 2794 ad
1055 2734 1156 2793 Bis
1201 2751 1328 2794 acc.
1375 2752 1423 2798 c.
1484 2738 1530 2798 1.

237 2855 289 2900 c.
323 2840 425 2896 52.
454 2832 489 2899 ὃ
534 2839 653 2910 μὲν
698 2859 849 2918 παρ.
897 2830 1110 2912 οὕτως
1156 2836 1282 2914 ἔχει
1325 2834 1492 2915 πρὸς
1535 2831 1849 2915 α’ργύριον
1880 2830 1982 2910 ὡς
2011 2831 2133 2898 οὐκ
2165 2825 2259 2898 ἄν
2289 2859 2409 2911 τις

459 2936 647 3002 οὐδὲ
706 2935 908 3020 πρὸς
963 2934 1102 3014 τὰς
1147 2938 1228 3000 έν
1272 2948 1446 3012 τοῖς
1491 2958 1531 2998 α
1560 2939 1644 3014 ἰγ
1668 2960 1690 2999 ι
1717 2960 1757 3000 α
1783 2943 1820 2999 λ
1852 2960 1890 2999 ο
1921 2948 2001 3012 ῖς
2045 2939 2409 3016 ψηφῖδας

457 3038 498 3104 οἱ
524 3063 569 3116 μ
597 3064 625 3104 ε
650 3048 688 3104 λ
719 3047 774 3103 ὦ
796 3063 828 3116 ς
885 3035 919 3102 ἕ
938 3064 978 3120 χ
1002 3063 1039 3104 ο
1065 3063 1106 3101 ι.
1197 3038 1532 3117 Sententia,
1591 3055 1712 3114 qua
1753 3038 1960 3099 Paras.
2019 3036 2231 3098 dicitur
2289 3057 2408 3099 non

456 3143 627 3202 aliter
696 3147 1070 3203 contemnere
1141 3145 1479 3218 argentum,
1554 3158 1729 3216 quam
1800 3142 1902 3217 qui
1976 3141 2237 3202 calculos
2300 3160 2410 3220 per

452 3245 651 3305 littora
695 3261 934 3321 sparsos
976 3242 1257 3322 despicit,
1304 3247 1394 3303 est
1434 3245 1752 3321 perspicua
1792 3240 1900 3303 sed
1943 3243 2201 3321 turbata,
2248 3243 2407 3320 quod

451 3346 605 3406 duae
635 3347 919 3407 dictiones
947 3348 1008 3405 in
1041 3364 1216 3405 unam
1260 3345 1665 3405 confluxerunt
1691 3346 1846 3404 male
1873 3346 2093 3404 inserto
2122 3342 2404 3422 α’μελῶςτ

451 3449 585 3510 Par.
644 3448 795 3508 adeo
853 3447 1023 3508 flocci
1071 3447 1277 3525 pendit
1318 3450 1625 3524 argentum
1669 3451 1733 3506 ut
1774 3464 1946 3507 nemo
1989 3462 2108 3505 non
2153 3445 2405 3525 despicit

453 3550 714 3611 calculos
758 3568 867 3628 per
907 3551 1084 3611 litora
1124 3566 1378 3626 sparsos.
1473 3550 1829 3609 Brevissima
1872 3551 1931 3607 et
1973 3547 2401 3624 simplicissima

448 3652 600 3712 haec
628 3653 807 3728 igitur
830 3654 938 3711 erit
965 3651 1168 3716 forma.
1226 3648 1264 3715 ὃ
1285 3654 1403 3728 μὲν
1423 3673 1486 3715 π.
1515 3645 1729 3726 οὕτως
1753 3644 1873 3729 ἔχει
1897 3645 2060 3730 πρὸς
2084 3643 2398 3730 α’ργύριον

451 3749 540 3829 ὡς
586 3742 669 3817 ι’ίν
713 3777 811 3830 τις
854 3750 1017 3835 πρὸς
1061 3750 1175 3831 τὰς
1219 3754 1288 3817 ἐν
1331 3778 1388 3816 τ.
1435 3756 1555 3831 αἰγ.
1603 3756 1889 3833 ψηφῖδας
1933 3747 2081 3831 ἔχοι.
2134 3750 2297 3816 det.

233 3873 281 3918 c.
315 3859 414 3920 53.
452 3856 703 3932 ἔξωθεν
736 3851 759 3936 ΙΙ
792 3857 921 3932 ἔξω
968 3855 1108 3916 Cob.

234 3976 284 4017 c.
313 3961 413 4018 55.
446 3951 637 4035 τόξα
681 3958 1257 4034 ἐνεσκευασμένους
1289 3953 1312 4039 ΙΙ
1342 3953 1434 4021 τὰ
1480 3950 1680 4032 ξύλα
1726 3954 1887 4016 det.
1935 3954 2094 4031 quod
2135 3953 2399 4015 firmatur

444 4060 832 4136 sequentibus
887 4054 1088 4137 ξύλα
1143 4063 1260 4137 μὲν
1315 4056 1437 4141 γὰρ
1497 4053 1714 4138 ἔχουσι
1777 4062 1885 4120 καὶ
1939 4058 2002 4134 ές
2043 4063 2393 4133 βαλανεῖον

341 4162 514 4210 Lucian
540 4165 623 4210 111.
2025 4156 2084 4208 18
