2867 4525
822 1067 1188 1137 LUGIANI
1230 1069 1367 1137 BIS
1411 1069 1946 1140 ACCUSATUS.

633 1204 765 1270 Cod.
814 1204 972 1268 Gorl.
1002 1233 1088 1259 —
1115 1207 1174 1271 A
1393 1206 1524 1273 God.
1577 1207 1761 1274 Marc.
1807 1214 1931 1271 434
1963 1237 2044 1262 ==
2075 1206 2145 1271 Ω

397 1306 532 1370 eod.
577 1308 761 1372 Marc.
809 1313 930 1372 436
964 1335 1050 1361 —
1081 1304 1158 1370 Ψ
1362 1309 1494 1375 Cod.
1551 1308 1677 1373 Vae.
1723 1315 1800 1374 87
1833 1338 1919 1364 —
1948 1311 2003 1376 21
2046 1311 2372 1391 (Gramen).

1068 1408 1201 1474 COd·
1255 1409 1376 1474 Vat-
1425 1416 1504 1473 90
1535 1438 1621 1464 -
1654 1408 1701 1471 Γ

302 1544 354 1589 c.
387 1533 441 1587 1.
474 1525 657 1593 αυ’τί
672 1552 767 1593 κα
822 1552 893 1609 γε
946 1553 1051 1594 τοι
1105 1527 1143 1594 ὃ
1202 1532 1320 1607 μὲν
1369 1525 1586 1607 Ἥλιος
1656 1527 1884 1597 οὑτοσὶ
1942 1528 2326 1611 ζευξάμενος
2384 1530 2461 1598 τὸ

472 1625 662 1713 ἅρμα.
709 1674 728 1692 .
773 1627 1064 1695 αὐτίκα
1106 1657 1193 1683 ===
1236 1636 1313 1693 ut
1357 1633 1850 1710 exemplum
1894 1633 2262 1714 adferam,
2306 1634 2464 1696 velut

471 1729 669 1795 Helias
733 1751 906 1813 quam
970 1751 1093 1795 non
1156 1751 1380 1815 semper
1443 1733 1682 1796 vacabat
1747 1738 1970 1798 nectari
2031 1746 2085 1798 et
2141 1734 2463 1798 ambrosiae

468 1834 566 1895 sed
616 1845 850 1897 strenue
908 1840 1138 1915 περσεία
1192 1854 1303 1897 sua
1353 1836 1703 1917 procurabat
1760 1880 1777 1898 .
1825 1883 1840 1901 .
1900 1856 1936 1898 a
1978 1837 2242 1901 Luciano
2301 1839 2462 1900 haud

468 1937 725 1999 alienum
778 1942 845 1998 ut
886 1939 1056 2016 Nigr.
1103 1957 1156 2000 c.
1204 1942 1306 1999 21.
1352 1942 1493 2016 πῶς
1547 1934 1669 2021 γὰρ
1725 1937 1809 2004 οὐ
1862 1947 2105 2019 γελοῖοι
2156 1943 2220 2006 οῖ
2262 1948 2462 2006 πλοῦ-

465 2046 736 2117 τοΰντες
765 2038 1084 2120 αὐτίκα,
1116 2051 1441 2103 correctum
1470 2060 1509 2101 a
1536 2039 1788 2103 Scheibe
1815 2059 1925 2119 pro
1955 2033 2189 2123 αὖτοὶ;
2224 2046 2460 2121 saepius

468 2142 627 2220 apud
670 2144 1124 2221 Aristophanem
1165 2144 1282 2204 Av.
1318 2147 1439 2204 ’186
1487 2141 1583 2208 αυ’
1597 2168 1667 2208 τι
1676 2141 1748 2224 χ’
1794 2137 1980 2221 ὑμῶν
2023 2150 2159 2209 τῶν
2201 2152 2459 2210 θεατῶν

468 2245 530 2310 εἴ
549 2270 647 2323 τις
674 2239 756 2329 ἦν
784 2241 1156 2329 ὑπόπτερος
1188 2290 1204 2307 .
1237 2291 1251 2307 .
1284 2290 1300 2307 .
1332 2242 1758 2325 ἐπιπετόμενος
1788 2244 1872 2313 ἂν
1900 2241 2093 2326 οὗτος
2121 2245 2460 2332 ἠρίστησεν

468 2348 703 2413 οἴκαδε.
789 2351 919 2411 Nos
968 2351 1234 2411 similiter
1275 2350 1590 2429 „glcic
1616 2348 1731 2411 h“.
1777 2383 1863 2395 —-—
1906 2348 2062 2416 οὐδ’
2106 2347 2268 2416 ὅσον
2312 2346 2461 2434 κνή-

469 2457 706 2514 σασθαι
766 2447 844 2516 τὸ
911 2444 1028 2528 οὖς
1072 2446 1097 2532 ΙΙ
1139 2447 1501 2533 κνήσασθαι
1567 2470 1699 2514 cum
1766 2452 1896 2513 cod.
1962 2447 2031 2512 Ω
2096 2471 2169 2513 nc
2231 2452 2458 2517 tantillo

467 2554 693 2631 quidem
755 2556 875 2615 otio
929 2551 1228 2632 qaudebat,
1286 2564 1566 2634 quantum
1622 2554 1699 2614 ad
1740 2552 2058 2615 titillandas
2099 2573 2273 2617 aures
2315 2572 2460 2636 opus

468 2664 547 2715 cst
591 2653 671 2715 cf.
716 2673 770 2715 c.
803 2659 905 2719 34.
947 2652 1244 2737 καθάπερ
1290 2657 1353 2720 οὶ
1407 2650 1528 2737 τὴν
1585 2650 1822 2737 ψώραν
1876 2651 2078 2736 ἡδέως
2134 2651 2459 2733 κνώμενοι

468 2755 543 2816 dc
587 2758 880 2818 calumnia
923 2776 977 2819 c.
1010 2761 1113 2819 21.
1184 2753 1330 2822 οἶδά
1372 2779 1555 2834 τινας
1599 2752 1814 2833 οὕτως
1854 2754 2054 2839 ἡδέως
2082 2763 2457 2840 γαργαλιζο-

465 2860 705 2936 μένους
748 2855 829 2923 ‘ca
875 2851 1012 2924 o3w
1055 2855 1184 2924 ὑπὸ
1226 2865 1361 2923 τῶν
1406 2862 1733 2936 διαβολῶν
1764 2854 1980 2941 ὥσπερ
2009 2854 2167 2936 τοὺς
2198 2871 2458 2942 πτεροῖς

468 2961 845 3038 κνωμένους
900 2995 985 3006 --
1040 2958 1189 3025 κᾶν
1241 2958 1469 3040 ὀλίγον
1514 2957 1538 3043 fl
1577 2959 1687 3040 ,vel
1734 2958 1998 3041 paulum’
2060 2963 2153 3022 Ex
2210 2961 2460 3024 Luciani

470 3063 871 3140 seriorumquc
915 3065 1169 3124 omnium
1212 3064 1448 3141 scriptis
1473 3067 1600 3124 tota
1625 3067 1791 3140 patet
1817 3066 1983 3126 vocis
2012 3061 2153 3129 κᾶν
2181 3066 2456 3148 historia3

470 3169 562 3226 cst
603 3168 930 3244 composita
974 3184 1047 3227 ex
1089 3171 1198 3229 καὶ
1242 3171 1301 3227 et
1344 3158 1425 3231 ἄν
1469 3168 1778 3244 potentiali
1821 3185 1951 3228 cum
1992 3168 2313 3230 indicativo
2356 3170 2459 3232 vel

469 3269 753 3346 optative,
787 3286 863 3328 cx
889 3272 998 3331 καὶ
1028 3272 1088 3328 ct
1113 3264 1197 3332 ἂν
1224 3268 1605 3329 conditionali
1634 3287 1765 3328 cum
1796 3271 2188 3329 coniunctivo.
2240 3271 2309 3329 In
2339 3289 2455 3348 quo

468 3368 582 3430 hoc
625 3374 823 3431 tamen
865 3370 1180 3431 tenendum
1227 3375 1333 3450 est,
1378 3370 1482 3431 ubi
1522 3374 1629 3434 καὶ
1670 3371 1734 3430 in
1775 3361 1902 3434 κᾶν
1944 3370 2324 3432 conditionali
2367 3375 2458 3432 est

469 3473 703 3551 copula,
749 3474 844 3533 cui
886 3472 1220 3550 adiungitur
1261 3474 1580 3534 enuntiatio
1609 3489 1728 3532 non
1758 3472 2061 3532 decurtata
2090 3471 2197 3533 scd
2223 3474 2457 3551 integra

469 3578 530 3634 et
570 3574 662 3635 sui
687 3576 852 3654 iuris,
895 3574 1269 3636 scribendum
1299 3592 1430 3636 csso
1460 3575 1776 3651 separatim
1804 3577 1929 3637 καὶ
1957 3568 2040 3638 ἒν
2069 3574 2169 3634 vel
2196 3578 2322 3638 καὶ
2350 3571 2453 3656 ἢν,

466 3692 595 3736 non
646 3667 804 3756 κᾶν,
857 3676 1017 3754 quod
1057 3677 1120 3737 in
1163 3677 1463 3738 codicibus
1507 3694 1689 3754 saepo
1732 3677 2064 3753 neglectum
2105 3693 2227 3738 non
2269 3677 2456 3737 semel

471 3776 740 3839 codicum
768 3795 885 3857 ope
912 3778 1200 3840 firmatum
1231 3782 1339 3840 cst.
1410 3777 1666 3839 Accedit
1705 3774 1832 3841 κᾶν
1877 3779 2002 3839 sinc
2043 3778 2248 3859 verbo,
2295 3779 2455 3856 quod

468 3898 712 3958 prorsus
774 3884 837 3942 in
902 3880 1167 3942 adverbii
1228 3882 1346 3944 vim
1412 3880 1568 3945 abiit.
1670 3880 1943 3956 Denique
2008 3880 2240 3944 abiecta
2295 3882 2457 3943 omni

470 3983 713 4059 originis
757 3984 1038 4045 memoria
1080 3985 1141 4043 in
1183 3999 1294 4043 uon
1340 3986 1431 4044 cst
1473 4005 1512 4045 κ
1529 3977 1624 4045 ἂν
1669 3985 1953 4057 sequente
1999 3984 2068 4044 εἰ
2108 3997 2240 4043 cnm
2271 3995 2454 4043 cnun-
