2867 4525
1174 278 1496 332 ΗΡΑΚΛΗΣ.
2301 284 2422 341 113

666 582 1263 665 ΠΡΟΛΑΛΙΑ
1316 581 1388 665 Ο
1433 583 2018 666 ΗΡΑΚΛΗΣ·

434 760 491 820 1.
545 750 679 820 Τὸν
717 748 1045 838 Ἡρακλέα
1091 753 1156 820 οἱ
1195 755 1443 821 Κελτοὶ
1459 748 1734 841 Ὄγμιον
1779 747 2184 837 ὀνομάζουσι
2228 760 2423 847 φωνῇ
2460 760 2492 812 1

249 859 339 944 τῇ
385 854 748 942 ἐπιχωρίῳ,
793 854 869 921 τὸ
922 854 992 920 δὲ
1038 852 1217 935 εἶδος
1259 858 1379 922 τοῦ
1422 860 1596 923 θεοῦ
1631 853 1811 923 πάνυ
1859 852 2218 925 ἀλλόκοτον
2262 858 2424 945 γρά-

253 980 488 1045 φουσι.
561 962 772 1044 γέρων
817 954 998 1023 ἐστὶν
1043 950 1272 1035 αὐτοῖς
1315 955 1383 1035 ἐς
1423 956 1501 1025 τὸ
1552 958 1847 1042 ἔσχατον,
1895 949 2421 1047 ἀναφαλαντίας,

252 1057 506 1137 πολιὸς
552 1052 843 1144 ἀκριβῶς
886 1052 1045 1126 ὅσαι
1084 1059 1325 1127 λοιπαὶ
1369 1061 1504 1125 τῶν
1534 1063 1795 1145 τριχῶν,
1841 1059 2045 1147 ῥυσὸς
2087 1061 2164 1129 τὸ
2214 1063 2425 1150 δέρμα

251 1164 368 1229 καὶ
416 1161 926 1245 διακεκαυμένος
970 1161 1039 1239 ἐς
1080 1160 1156 1228 τὸ
1203 1159 1617 1245 μελάντατον
1661 1161 1799 1230 οἶοί
1834 1161 2005 1230 εἰσιν
2050 1164 2118 1231 οἱ
2159 1168 2426 1232 θαλατ-

250 1266 525 1350 τουργοὶ
559 1267 889 1350 γέροντες·
932 1264 1189 1347 μᾶλλον
1234 1262 1306 1329 δὲ
1337 1263 1637 1347 Χάρωνα
1680 1253 1723 1351 ἢ
1745 1257 2049 1333 Ἰαπετόν
2091 1292 2244 1334 τινα
2288 1271 2421 1335 τῶν

250 1361 775 1454 ὑποταρταρίων
838 1367 950 1432 καὶ
1020 1363 1245 1433 πάντα
1307 1368 1562 1450 μᾶλλον
1627 1355 1669 1454 ἢ
1717 1361 2045 1452 Ἡρακλέα
2111 1364 2286 1436 εἶναι
2343 1358 2425 1436 ἀν

255 1465 617 1545 εἰκάσειας.
704 1460 877 1535 ἀλλὰ
932 1470 1046 1535 καὶ
1102 1470 1407 1546 τοιοῦτος
1465 1457 1558 1537 ῶν
1612 1467 1746 1551 ἔχει
1797 1462 1981 1552 ὅμως
2023 1467 2144 1557 τὴν
2190 1469 2425 1558 σκευὴν

253 1566 378 1657 τὴν
416 1566 838 1656 Ἡρακλέους·
895 1570 1004 1635 καὶ
1061 1568 1186 1655 γὰρ
1244 1568 1365 1657 τὴν
1410 1570 1753 1657 διφθέραν
1813 1568 2097 1656 ἐνῆπται
2138 1570 2259 1659 τὴν
2301 1574 2424 1637 τοῦ

257 1673 529 1748 λέοντος
570 1673 682 1738 καὶ
722 1670 802 1739 τὸ
836 1665 1136 1757 ρόπαλον
1182 1671 1314 1754 έχει
1359 1670 1428 1738 ἐν
1457 1675 1541 1760 τῇ
1572 1671 1762 1757 δεξιᾷ
1803 1673 1917 1737 καὶ
1961 1669 2080 1737 τὸν
2121 1670 2421 1757 γωρυτὸν

256 1772 712 1861 παρήρτηται,
767 1775 882 1840 καὶ
935 1771 1010 1840 τὸ
1069 1773 1266 1852 τόξον
1311 1771 1741 1858 ἐντεταμένον
1798 1768 1838 1862 ἡ
1886 1765 2204 1859 ἀριστερὰ
2249 1796 2422 1859 προ-

178 1875 579 1952 83δείκνυσι,
623 1877 736 1942 καὶ
781 1867 956 1955 όλως
989 1871 1318 1963 (Ηρακλῆς
1361 1874 1507 1943 ἐστι
1546 1874 1758 1941 ταῦτά
1799 1897 1893 1960 γε.
1966 1879 2026 1940 2.
2072 1869 2259 1963 ᾤμην
2305 1860 2420 1942 οἷν
2454 1888 2493 1943 2

258 1971 375 2065 ἐφ’
441 1970 630 2064 υβρει
671 1980 808 2044 τῶν
845 1974 1195 2067 Ἑλληνίων
1239 1981 1420 2045 θεῶν
1474 1980 1759 2045 τοιαῦτα
1804 1990 2223 2063 παρανομεῖν
2266 2001 2425 2056 τους

255 2077 557 2157 Κελτοτῖς
602 2077 669 2157 ἐς
721 2078 843 2170 τὴν
884 2079 1154 2169 μορφὴν
1195 2078 1315 2166 τὴν
1349 2075 1751 2166 (Ηρακλέους
1808 2077 2258 2164 ἀμυνομένους
2304 2073 2423 2145 αὗ-

256 2180 378 2248 τὸν
420 2185 505 2272 τῇ
546 2184 807 2272 γραφῇ,
865 2180 975 2250 ὅτι
1016 2180 1137 2273 τὴν
1177 2177 1397 2270 χῶραν
1442 2182 1613 2249 ποτὲ
1660 2175 1875 2248 αὐτῶν
1933 2179 2195 2271 ἐπῆλθε
2238 2181 2423 2248 λείαν

260 2284 584 2365 ἐλαύνων,
641 2280 856 2351 ὅπότε
910 2283 1033 2363 τὰς
1091 2284 1427 2373 Γηρυόνου
1487 2285 1728 2373 ἀγέλας
1785 2286 1994 2374 ζητῶν
2048 2284 2423 2369 κατέδραμε

257 2386 345 2452 τὰ
391 2385 613 2453 πολλὰ
656 2390 792 2454 τῶν
837 2386 1174 2473 ἑσπερίων
1216 2391 1438 2474 γενῶν.
1529 2395 1585 2457 3.
1630 2394 1854 2456 καίτοι
1906 2384 1982 2454 τὸ
2032 2385 2418 2473 παραδοξό-
2451 2397 2490 2453 8

257 2514 462 2555 τατον
506 2482 773 2555 οὐδέπω
832 2488 1000 2577 ἔφην
1054 2492 1171 2576 τῆς
1227 2488 1510 2568 εἰκόνος·
1570 2487 1604 2557 ὅ
1651 2489 1777 2576 γὰρ
1833 2487 1913 2578 δὴ
1967 2494 2177 2575 γέρων
2213 2485 2421 2575 Ἡρα-

259 2592 418 2678 κλῆς
462 2588 708 2668 ἐκεῖνος
753 2584 1142 2674 ἀνθρώπων
1186 2590 1516 2675 πάμπολύ
1555 2616 1624 2658 τι
1667 2593 1941 2677 πλῆθος
1972 2588 2145 2657 ἕλκει
2175 2588 2244 2655 ἐκ
2285 2593 2422 2656 τῶν

261 2687 452 2757 ῶτων
484 2685 791 2770 ἅπαντας
821 2692 1227 2775 δεδεμένους.
1298 2692 1512 2776 δεσμὰ
1544 2692 1616 2758 δέ
1649 2692 1820 2759 εἰσίν
1844 2692 1910 2758 οἱ
1934 2692 2155 2773 σειραὶ
2179 2691 2419 2758 λεπταὶ

257 2798 505 2881 χρυσοῦ
564 2797 676 2861 καὶ
740 2788 1056 2880 ἠλέκτρου
1132 2793 1560 2880 εἰργασμέναι
1630 2787 1866 2879 ὅρμοις
1931 2791 2214 2858 ἐοικυῖαι
2278 2804 2422 2871 τοῖς

261 2897 667 2975 καλλίστοις.
739 2898 848 2963 καὶ
898 2888 1081 2980 ὅμως
1118 2889 1241 2983 ἀφ’
1296 2888 1508 2974 οὕτως
1553 2889 1866 2962 ἀσθενῶν
1911 2887 2226 2979 ἀγόμενοι
2269 2889 2424 2960 οὔτε

263 2998 562 3083 δρασμόν
616 2996 768 3067 τινὰ
822 2997 1247 3084 βουλεύουσι,
1318 2997 1667 3082 δυνάμενοι
1727 2986 1809 3064 ἀν
1873 2990 2200 3083 εὐμαρῶς,
2270 2991 2422 3064 οὔτε

263 3097 482 3180 ἄλλως
526 3096 1008 3169 ἀντιτείνουσιν
1054 3089 1121 3189 [ἢ
1164 3115 1309 3179 τοῖς
1336 3103 1545 3168 ποσὶν
1595 3094 2076 3188 ἀντερείδουσι]
2123 3098 2298 3184 πρὸς
2340 3097 2417 3167 τὸ

263 3201 564 3271 ἐναντίον
596 3207 715 3293 τῆς
747 3197 1005 3289 ἀγωγῆς
1036 3200 1559 3285 ἐξυπτιάζοντες,
1608 3196 1779 3269 ἀλλὰ
1828 3201 2108 3289 φαιδροὶ
2139 3202 2421 3270 ἕπονται

260 3307 367 3373 καὶ
421 3305 785 3394 γεγηθότες
841 3307 950 3371 καὶ
1006 3305 1123 3372 τὸν
1191 3300 1439 3391 ἄγοντα
1505 3305 1935 3380 ἐπαινοῦντες
1997 3303 2421 3389 ἐπειγόμενοι

264 3399 558 3486 ἅπαντες
611 3409 725 3474 καὶ
783 3410 880 3493 τῷ
938 3406 1233 3496 φθάνειν
1279 3405 1542 3473 ἐθέλειν
1586 3404 1704 3473 τὸν
1756 3404 2002 3489 δεσμὸν
2047 3403 2420 3486 ἐπιχαλῶν-

260 3532 398 3591 τες,
461 3508 752 3588 ἐοικότες
812 3502 1304 3597 ἀχθησομένοις
1369 3509 1430 3576 εἰ
1488 3508 1921 3593 λυθήσονται.
2007 3531 2042 3572 ο
2112 3504 2185 3571 δὲ
2242 3503 2420 3570 πάν-

260 3635 390 3675 των
436 3604 881 3678 ἀτοπώτατον
926 3607 1102 3678 εἶναί
1142 3637 1261 3695 μοι
1300 3611 1543 3692 ε’δοξεν,
1591 3604 1709 3677 οὗκ
1754 3602 2013 3693 ὀκνήσω
2045 3605 2264 3673 εἰπεῖν
2306 3608 2422 3673 καὶ

260 3715 486 3779 τοῦτο
547 3706 624 3779 οὗ
680 3712 806 3799 γὰρ
861 3714 1025 3797 εχων
1070 3710 1105 3780 ὅ
1170 3712 1518 3801 ζωγράφος
1551 3689 1742 3778 6όθεν
1801 3708 2078 3793 ἐξάψειε
2118 3707 2243 3784 τὰς
2284 3715 2418 3775 τῶν

263 3815 523 3899 δεσμῶν
571 3808 809 3903 ἀρχάς,
865 3814 982 3882 ὅτε
1024 3818 1141 3901 τῆς
1186 3815 1406 3893 δεξιᾶς
1448 3813 1572 3898 μὲν
1614 3807 1740 3899 ἤδη
1785 3810 1861 3879 τὸ
1911 3809 2247 3895 ῥόπαλον,
2301 3813 2421 3899 τῆς

193 3917 462 3996 84λαιᾶς
506 3917 579 3983 δὲ
622 3917 697 3985 τὸ
743 3916 938 3996 τόξον
968 3915 1256 4003 ἐχούσης,
1302 3914 1650 4002 τρυπήσας
1683 3916 1804 3981 τοῦ
1846 3917 2017 3981 θεοῦ
2045 3912 2166 4002 τὴν
2208 3914 2419 4000 γλῶτ-

263 4044 381 4085 ταν
450 4014 655 4105 ἄκραν
720 4018 792 4097 ἐξ
853 4018 1102 4107 ἐκείνης
1166 4017 1555 4102 ἑλκομένους
1624 4010 1865 4095 αὖτοὺς
1931 4015 2243 4104 ἐποίησε,
2307 4016 2419 4082 καὶ

362 4128 534 4172 Luciam
560 4129 641 4172 111.
2080 4120 2111 4170 8
