2867 4525
460 296 543 356 80
1150 353 1155 358 ,
1359 295 1732 349 ΔΟΥΚΙΑΝΟΥ

354 484 425 540 15
633 472 732 533 15.
777 465 983 544 Λέξω
1030 465 1102 531 δὲ
1146 468 1415 552 πρῶτον
1459 465 1582 550 μὲν
1630 460 1859 533 ὁπόσα
1896 463 2018 554 χρὴ
2068 462 2269 532 αὐτόν
2316 487 2392 532 σε
2436 464 2621 532 οἴκο-

454 575 581 636 θεν
650 571 884 651 ἔχοντα
939 559 1119 654 ἥκειν
1178 566 1424 655 ἐφόδια
1489 566 1664 654 πρὸς
1720 566 1842 653 τὴν
1906 573 2193 654 πορείαν
2256 571 2369 634 καὶ
2427 559 2623 645 ὅπως

456 670 1001 751 ἐπισιτίσασθαι,
1046 664 1138 748 ῶς
1169 659 1249 736 ἀν
1277 668 1560 753 τάχιστα
1597 669 1910 737 διανύσαι
1941 669 2329 759 δυνηθείης·
2378 669 2621 737 ’ἔπειτα

453 770 695 849 καύτὸς
754 769 794 837 ἃ
851 772 972 855 μὲν
1029 770 1344 857 προϊόντι
1388 770 1765 850 ἐπιδεικνὺς
1822 768 1991 837 κατὰ
2035 769 2156 858 τὴν
2201 768 2394 853 ὁδόν,
2454 771 2497 837 ἃ
2544 772 2620 839 δὲ

454 876 566 940 καὶ
624 876 1007 960 παραινῶν,
1066 876 1230 955 πρὶν
1288 866 1477 960 ἥλιον
1534 874 1762 956 δῦναι,
1814 872 2062 962 ῥήτορά
2124 895 2201 940 σε
2243 869 2416 959 ὑπὲρ
2460 873 2622 952 τούς

453 976 716 1055 πάντας
747 970 1085 1065 ἀποφανῶ
1115 974 1256 1053 οἶος
1289 970 1490 1054 αὐτός
1520 974 1679 1061 εἶμι,
1724 969 2235 1063 ἀναμφιλέκτως
2264 974 2348 1041 τὰ
2378 978 2622 1062 πρῶτα
2647 990 2711 1039 16

451 1083 564 1146 καὶ
608 1083 787 1163 μέσα
824 1080 936 1145 καὶ
981 1079 1331 1145 τελευταῖα
1357 1084 1494 1143 τῶν
1524 1078 1737 1164 λέγειν
1781 1076 2316 1162 ἐπιχειρούντων.
2387 1076 2621 1162 κόμιζε

450 1185 676 1249 τοίνυν
732 1180 808 1248 το“
866 1184 1180 1266 μέγιστον
1233 1180 1355 1264 μὲν
1410 1177 1532 1268 τὴν
1584 1173 1926 1263 ἀμαθίαν,
1987 1176 2136 1247 εἶτα
2190 1178 2455 1262 θράσος
2500 1178 2619 1246 ἐπὶ

450 1281 668 1369 τούτῳ
711 1285 825 1349 καὶ
868 1277 1122 1366 τόλμαν
1152 1286 1263 1351 καὶ
1304 1275 1798 1364 ἀναισχυντίαν,
1843 1280 2014 1348 αἰδῶ
2045 1282 2118 1350 δὲ
2163 1271 2206 1368 ἢ
2251 1280 2617 1349 ἐπιείκειαν

453 1374 499 1470 ἢ
538 1384 941 1472 μετριότητα
995 1373 1040 1473 ἢ
1085 1383 1395 1472 ἐρύθημα
1440 1383 1617 1451 οἴκοι
1667 1377 2000 1452 ἀπόλιπε·
2062 1380 2293 1469 ἀχρεῖα
2333 1382 2461 1470 γὰρ
2503 1385 2619 1450 καὶ

452 1481 821 1552 ὑπεναντία
862 1490 960 1573 τῷ
1004 1485 1387 1572 πράγματι·
1435 1480 1607 1553 ἀλλὰ
1640 1489 1751 1553 καὶ
1780 1486 1947 1572 βοὴν
1992 1482 2106 1554 ὅτι
2144 1491 2462 1573 μεγίστην
2504 1488 2620 1552 καὶ

449 1589 651 1672 μέλος
696 1581 1130 1671 ἀναίσχυντον
1186 1591 1298 1662 ,καὶ
1339 1587 1644 1674 βάδισμα
1687 1587 1833 1656 οῖον
1883 1586 1961 1655 τὸ
2010 1586 2191 1672 ἐμόν.
2277 1591 2490 1654 ταῦτα
2536 1585 2616 1674 δὴ

450 1689 631 1756 πάνυ
676 1682 1006 1777 ἀναγκαῖα
1033 1693 1148 1757 καὶ
1191 1690 1366 1775 μόνα
1396 1691 1578 1758 ἔστιν
1623 1683 1736 1757 ὅτε
1770 1689 1986 1758 ἱκανά.
2059 1692 2168 1758 καὶ
2213 1686 2252 1777 ἡ
2302 1688 2514 1777 ἐσθὴς
2544 1690 2621 1757 δὲ
2737 1729 2744 1733 ·

452 1790 629 1859 ἐ’στω
670 1785 963 1879 εὐανθὴς
1005 1795 1117 1860 καὶ
1149 1791 1341 1881 λευκὴ
1389 1790 1625 1880 [ἔργον]
1672 1796 1789 1883 τῆς
1825 1798 2239 1880 Ταραντίνης
2284 1790 2622 1879 ἐργασίας,

452 1890 544 1972 ιῦς
589 1894 1086 1984 διαφαίνεσθαι
1127 1893 1204 1961 τὸ
1245 1897 1462 1978 σῶμα,
1504 1898 1618 1960 καὶ
1659 1889 1699 1981 ἦ
1746 1898 1990 1984 κρηπὶς
2007 1884 2276 1982 Ἀττικὴ
2326 1893 2459 1983 [καὶ
2501 1920 2620 1981 γυ-

446 1994 733 2085 ναικεία]
788 1999 925 2063 τῶν
981 1996 1442 2079 πολυσχιδῶν,
1500 1987 1587 2085 [ἢ]
1631 1992 1671 2086 ἡ
1739 1996 1947 2082 ἐμβὰς
1999 2002 2331 2065 Σικυωνία
2385 1999 2621 2075 πίλοις

452 2111 595 2177 τοῖς
638 2100 895 2177 λευκοῖς
940 2098 1440 2183 ἐπιπρέπουσα,
1484 2101 1600 2165 καὶ
1629 2092 2003 2165 ἀκόλουθοι
2047 2099 2294 2165 πολλοὶ
2323 2102 2436 2167 καὶ
2463 2103 2621 2184 βιβ-

349 2205 420 2261 16
455 2202 600 2268 λίον
647 2196 773 2269 ἀεί.
845 2204 1057 2268 ταῦτα
1100 2201 1221 2286 μὲν
1260 2193 1461 2268 αὐτὸν
1486 2199 1607 2289 χρὴ
1657 2202 1990 2270 συντελεῖν
2068 2205 2168 2269 16.
2211 2198 2296 2267 τὰ
2328 2194 2392 2267 δ’
2446 2195 2621 2268 ἀλλα

450 2296 615 2369 καθ’
679 2298 840 2371 ὁδὸν
896 2298 1020 2391 ἤδη
1066 2301 1328 2391 προῖὼν
1372 2295 1499 2390 ὅρα
1553 2306 1668 2370 καὶ
1713 2299 1930 2371 ἄκουε.
2017 2307 2128 2372 καὶ
2175 2303 2253 2389 δή
2303 2326 2415 2370 σοι
2457 2304 2617 2382 τοὺς
2639 2323 2693 2372 17

451 2404 695 2489 νόμους
752 2406 994 2489 δίειμι,
1055 2405 1158 2484 οἷς
1204 2405 1543 2490 χρώμενόν
1600 2430 1677 2473 σε
1731 2401 1772 2494 ἦ
1812 2402 2141 2496 Ῥητορικὴ
2184 2419 2456 2492 γνωριεῖ
2497 2406 2613 2473 καὶ

450 2507 886 2596 προσήσεται,
933 2501 1087 2575 οὐδὲ
1132 2501 1738 2598 ἀποστραφήσεται
1767 2511 1878 2575 καὶ
1926 2522 2263 2593 σκορακιεῖ
2289 2507 2610 2593 καθάπερ

450 2602 805 2677 ἀτέλεστόν
859 2636 1012 2677 τινα
1067 2612 1181 2677 καὶ
1235 2610 1664 2678 κατάσκοπον
1725 2615 1858 2677 τῶν
1926 2605 2347 2731 ἀπορρήτων.
2436 2607 2609 2676 α’λλᾶ

449 2714 778 2833 σχήματος
830 2713 955 2799 μὲν
997 2710 1073 2779 τὸ
1134 2716 1402 2797 πρῶτον
1448 2712 1948 2802 ἐπιμεληθῆναι
1984 2712 2107 2799 χρὴ
2152 2713 2451 2797 μάλιστα
2495 2715 2610 2781 καὶ

449 2808 788 2904 ευμόρφου
831 2819 948 2905 τῆς
980 2808 1330 2903 ἀναβολῆς,
1375 2813 1614 2882 ’ἔπειτα
1646 2815 1718 2881 δὲ
1759 2814 2232 2883 πεντεκαίδεκά
2263 2839 2398 2881 που
2442 2803 2487 2902 ἢ
2530 2808 2607 2881 οὗ

448 2920 665 2984 πλείω
708 2941 782 3005 γε
811 2921 946 2984 τῶν
978 2917 1228 2985 εἴκοσιν
1250 2911 1525 2983 Ἀττικὰ
1572 2910 1870 3000 ὀνόματα
1900 2917 2164 2996 εκλέξας
2208 2920 2451 2994 ποθέν,
2495 2919 2609 2983 καὶ

450 3016 709 3106 [ταῦτα]
769 3013 1058 3104 ἀκριβῶς
1125 3018 1589 3137 ἐκμελετήσας,
1656 3019 1982 3108 πρόχειρα
2049 3013 2161 3085 επ’
2228 3044 2435 3107 ακρας
2489 3022 2610 3108 τῆς

446 3119 808 3206 γλώττης
788 3119 909 3202 ε’χε,
954 3119 1029 3186 τὸ
1081 3117 1250 3187 ἄττα
1292 3123 1404 3187 καὶ
1447 3106 1617 3210 κᾷτα
1655 3124 1765 3188 καὶ
1796 3125 1941 3205 μῶν
1983 3123 2098 3188 καὶ
2142 3117 2450 3210 ἀμηγέπη
2495 3123 2610 3189 καὶ

447 3221 664 3307 λῷστε
716 3225 830 3289 καὶ
888 3220 973 3288 τὰ
1030 3229 1313 3288 τοιαῦτα
1366 3225 1481 3289 καὶ
1537 3224 1606 3289 ὲν
1652 3223 1904 3295 απαντι
1958 3223 2134 3310 λόγῳ
2175 3223 2496 3308 καθάπερ
2539 3248 2611 3290 τι

440 3315 707 3422 ἥδυσμα
749 3322 1086 3391 ἐπίπαττε
1132 3316 1384 3390 αυτῶν·
1427 3323 1681 3407 μελέτω
1728 3325 1802 3393 δὲ
1829 3326 2036 3414 μηδὲν
2078 3329 2213 3392 τῶν
2258 3320 2498 3406 αλλων,
2546 3324 2609 3391 εἰ

442 3423 734 3510 ἀνόμοια
789 3426 1057 3504 τούτοις
1108 3429 1221 3495 καὶ
1281 3420 1645 3514 ἀσύμφυλα
1699 3431 1807 3494 καὶ
1856 3422 2131 3515 ἀπῳδά·
2186 3423 2226 3517 ἡ
2285 3451 2611 3515 πορφυρα
2635 3440 2690 3490 18

443 3527 649 3613 μόνον
696 3528 869 3596 ἐστω
911 3527 1078 3649 καλὴ
1123 3531 1235 3596 καὶ
1282 3524 1606 3615 εὐανθής,
1663 3556 1783 3597 καν
1841 3529 2083 3616 σισύρα
2125 3533 2259 3595 τῶν
2304 3532 2608 3611 παχειῶν

344 3649 413 3702 1¹2
444 3629 523 3697 τὸ
582 3630 849 3715 ἱμάτιον
904 3616 971 3721 ᾗ.
1066 3638 1164 3699 17.
1207 3630 1376 3716 μετὰ
1435 3631 1509 3698 δὲ
1566 3626 1921 3722 ἀπόρρητα
1977 3635 2089 3700 καὶ
2144 3631 2297 3711 ξένα
2343 3630 2608 3717 ῥήματα

443 3735 555 3799 καὶ
601 3729 961 3812 σπανιάκις
1018 3733 1331 3820 ειρημένα
1387 3729 1523 3801 υπὸ
1568 3737 1706 3800 τῶν
1755 3733 1994 3815 πάλαι,
2039 3736 2152 3800 καὶ
2195 3736 2407 3799 ταῦτα
2451 3732 2607 3816 ξομε·

445 3834 748 3924 φορήσας
778 3830 1147 3913 ἀποτόξευε
1175 3835 1760 3922 προχειριζόμενος
1784 3835 1959 3921 πρὸς
1986 3860 2144 3913 τους
2171 3831 2602 3918 ὁμιλοῦντας·

445 3929 617 4003 οῧτω
661 3931 786 4021 γάρ
820 3959 896 4002 σε
938 3932 973 4002 o‘
1009 3936 1175 4016 λεώς
1204 3933 1240 4003 ὅ
1274 3937 1487 4017 πολὺς
1520 3932 2033 4024 ἀποβλέψονται
2060 3941 2169 4005 καὶ
2201 3933 2603 4020 θαυμαστὸν

442 4034 917 4127 ὑπολήψονται
942 4041 1053 4105 καὶ
1084 4037 1202 4126 τὴν
1234 4040 1552 4107 παιδείαν
1579 4036 1750 4126 ὑπὲρ
1782 4034 2038 4119 αὐτούς,
2070 4039 2132 4106 εἰ
2162 4035 2602 4123 ἀποστλεγγί-
